2824 3304
0 376 66 424 12>s

5 452 69 499 tit>

0 523 71 570 ali-

0 598 72 643 :eri

0 671 73 726 tit,

0 744 74 788 nii-

0 902 78 934 iter

0 962 81 1007 lina

0 1047 82 1080 :um

0 1182 86 1244 geri

0 1255 88 1309 :im,

4 1323 90 1372 effe

0 1412 89 1460 are,

0 1485 92 1532 :que

11 1544 96 1607 lig-

0 1619 72 1663 nri
81 1652 96 1674 ,

5 1694 97 1738 ium

2 1784 8 1791 ·
18 1763 102 1810 lles

26 1852 102 1883 ve-

6 1923 103 1956 mos

6 2002 13 2026 ι
39 1981 106 2027 lO-

30 2069 108 2102 cu-

21 2130 110 2174 ica-

15 2214 109 2247 tan-

12 2275 112 2321 ibus

12 2369 24 2388 ·
36 2360 112 2394 ere

13 2453 24 2465 .
49 2420 115 2467 di-

16 2493 116 2540 olus

15 2587 20 2594 ·
30 2566 118 2613 fuit

26 2786 121 2848 yla,

376 373 519 434 soylfi,
555 373 609 419 ad
643 372 824 420 fluvium
858 372 1157 436 Witsogdam,
1190 389 1320 434 quam
1350 374 1601 421 habitabant
1625 388 1717 422 tum
1743 388 1913 436 tempo·-

377 450 459 503 ris,
504 446 838 493 fundamentum
878 445 980 493 albo
1014 447 1150 507 topho
1184 446 1464 494 substructum
1500 462 1617 505 erat,
1649 450 1708 494 ita
1741 462 1787 495 ut
1821 462 1913 495 uno

376 520 512 566 verbo
544 518 709 576 dicam,
743 517 889 565 nullus
923 533 1015 565 erat
1048 520 1300 566 divitiarum
1331 521 1507 578 modus,
1528 535 1669 582 neque
1688 521 1908 568 mensura:

376 591 658 638 nihilominus
693 591 897 652 prospera
929 592 1022 639 haec
1050 592 1228 640 fortuna
1262 592 1361 654 ipfis
1384 592 1569 655 suspecta
1602 594 1712 651 fuit,
1742 608 1796 640 ne
1832 594 1911 640 ali·

376 664 551 726 quando
585 663 841 711 felicitatem
876 678 1036 711 tantam
1070 679 1277 729 negaret,
1312 679 1360 712 ut
1392 665 1504 726 saepe
1522 669 1695 723 evenit,
1719 667 1909 713 maxime

377 752 475 785 cum
510 738 627 798 apud
659 751 833 784 exteros
867 737 1054 784 maxima
1072 738 1322 785 laborarent
1342 739 1531 796 invidia,
1550 753 1649 785 cum
1668 752 1810 785 tamen
1832 739 1908 800 ipsi

376 809 541 858 causam
576 824 664 856 non
699 810 970 870 praeberent,
1006 811 1159 874 insigni
1195 811 1382 872 quadam
1401 811 1680 872 providentia
1699 812 1800 858 huic
1819 826 1909 858 ma·

378 884 419 929 lo
453 882 692 929 remedium
729 882 990 945 adhibuere,
1011 897 1057 930 ut
1075 885 1185 930 certi
1203 883 1284 930 ess'e
1304 883 1457 944 possint
1476 884 1531 930 de
1551 884 1657 931 statu
1675 883 1776 942 suo,
1796 883 1903 930 didi-

376 969 523 1003 cerant
559 955 622 1001 illi
657 970 711 1001 ex
736 957 974 1016 proverbio
991 956 1142 1003 ufitato
1161 957 1277 1016 apud
1297 956 1529 1014 Moschos,
1549 959 1619 1003 cui
1640 959 1683 1002 in
1703 956 1799 1003 aula
1819 970 1909 1003 non

377 1029 468 1076 sunt
502 1029 659 1085 amici,
692 1042 748 1074 ne
783 1027 915 1074 homo
934 1028 1111 1089 quidem
1137 1028 1395 1075 censendus:
1417 1029 1462 1075 fit
1480 1031 1598 1075 enim
1616 1029 1910 1090 plaerumque,

377 1117 421 1149 ut
456 1104 532 1162 qui
567 1101 742 1148 dotibus
761 1101 1006 1162 aliquibus,
1032 1116 1104 1149 aut
1122 1101 1287 1162 divitijs
1306 1101 1485 1149 affluunt
1505 1105 1548 1148 in
1569 1102 1822 1164 Moscovia,
1846 1104 1910 1148 in-

377 1175 493 1221 vidia
527 1189 813 1237 praemuntur,
852 1189 923 1222 aut
956 1175 1061 1222 falso
1095 1175 1350 1223 accusentur
1380 1176 1495 1236 apud
1526 1175 1803 1236 Principem,
1834 1171 1909 1221 nist

377 1263 482 1294 vero
515 1248 708 1295 fautores
739 1249 951 1305 habeant,
978 1249 1081 1295 ilico
1101 1249 1259 1296 indicta
1278 1248 1402 1296 causa
1419 1249 1474 1296 ad
1492 1263 1686 1296 extrema
1703 1247 1908 1312 redigun-

378 1336 444 1368 tur
478 1335 550 1395 aut
585 1321 793 1369 radicitus
827 1322 1094 1369 evelluntur:
1128 1321 1189 1368 Hi
1208 1322 1447 1382 Anicouvij
1468 1337 1569 1369 cum
1586 1324 1745 1383 opibus
1764 1321 1908 1368 afflue-

379 1409 493 1452 rent,
527 1409 616 1441 non
651 1395 793 1442 defuit
828 1395 925 1456 ipfis
956 1398 1000 1441 in
1023 1395 1119 1442 aula
1136 1395 1305 1457 fautor,
1328 1398 1402 1457 qui
1420 1395 1670 1442 secundusa
1686 1394 1815 1458 Rege
1834 1395 1909 1441 ha-

380 1469 580 1525 bebatur,
614 1468 752 1514 difius
789 1467 915 1514 Boris
952 1467 1245 1526 Goddenoof,
1274 1483 1411 1532 gener
1446 1468 1726 1529 Imperatoris
1761 1467 1909 1514 Fedor

379 1539 629 1603 Iuanovitz,
666 1554 757 1587 tum
793 1544 1002 1602 temporis
1038 1543 1278 1605 regnantis,
1317 1541 1390 1588 hic
1417 1557 1526 1588 vero
1555 1541 1681 1587 Boris
1700 1541 1907 1588 defuncto

377 1613 544 1670 socer0,
580 1615 623 1659 in
664 1628 802 1677 regno
838 1612 1027 1661 succeffit
1060 1629 1107 1661 ut
1142 1628 1322 1675 apparet
1357 1629 1410 1661 ex
1445 1614 1693 1661 Annalibus
1730 1613 1909 1661 Mosco-

381 1689 470 1733 viae.

438 1759 588 1806 Visum
620 1762 753 1823 igitur
771 1759 854 1806 fuit
873 1760 1135 1820 Anicouvijs
1147 1797 1162 1818 ,
1180 1760 1283 1807 huic
1308 1759 1436 1806 Boris
1454 1763 1602 1807 omnia
1619 1762 1808 1821 aperire,
1827 1761 1907 1806 ob-

379 1833 471 1879 latis
505 1835 694 1893 primum
728 1835 769 1879 ei
805 1833 859 1880 de
894 1848 1015 1880 more
1049 1834 1322 1896 muneribus,
1360 1834 1444 1881 hoc
1469 1848 1604 1880 unum
1630 1847 1833 1897 rogantes
1858 1846 1907 1879 ut

377 1920 526 1952 eorum
561 1905 684 1952 dictis
718 1905 872 1953 faciles
895 1908 1109 1967 praeberet
1138 1921 1283 1964 aures,
1312 1906 1353 1953 se
1376 1906 1484 1967 quid
1507 1905 1666 1952 habere
1685 1906 1805 1967 quod
1823 1908 1905 1952 toti

379 1980 561 2039 imperio
595 1978 685 2025 usui
705 1977 824 2041 esset,
845 1978 889 2027 &
909 1978 1146 2040 prodess'et:
1175 1978 1301 2025 Boris
1320 1981 1493 2025 arrectis
1513 1979 1649 2025 statim
1670 1980 1846 2026 auribus
1863 1978 1905 2025 se

378 2051 550 2098 facilem
596 2052 804 2112 praebuit,
850 2053 979 2112 eique
1025 2054 1195 2112 aperuit
1229 2065 1440 2098 terrarum
1477 2050 1718 2112 Samojedae
1753 2050 1799 2099 &
1837 2050 1905 2096 Sia

378 2125 506 2171 beriae
524 2124 667 2180 litum,
686 2138 778 2171 tum
796 2140 893 2185 quae
912 2125 973 2170 ibi
992 2124 1052 2171 est
1069 2124 1181 2182 visa,
1200 2122 1247 2171 &
1264 2138 1433 2181 notata,
1451 2122 1499 2171 &
1517 2125 1660 2185 quatae
1677 2138 1784 2184 opes
1802 2124 1906 2170 huic

383 2197 573 2258 Imperio
607 2197 957 2244 Moscouitarum
986 2197 1151 2259 poss'ent
1187 2196 1381 2255 affluere,
1414 2197 1554 2243 multo
1587 2211 1717 2257 quam
1736 2196 1834 2242 ante
1854 2195 1908 2242 li-

378 2270 563 2317 beralius
581 2286 657 2317 eos
675 2272 871 2331 excepit:
891 2271 984 2317 haec
1003 2286 1102 2317 cum
1120 2270 1216 2317 satis
1234 2269 1376 2331 planae
1395 2270 1469 2330 ipfi
1489 2268 1770 2331 aperuiss'ent,
1794 2263 1905 2315 nihil

378 2357 517 2390 tamen
552 2343 606 2390 de
640 2343 712 2390 sua
745 2345 1065 2407 negotiatione,
1102 2346 1145 2389 in
1171 2343 1224 2404 ijs
1252 2344 1533 2407 regionibus»,
1564 2341 1610 2390 &
1635 2357 1765 2403 quam
1795 2342 1906 2389 tecte

379 2431 474 2462 cum
511 2416 667 2463 incolis
700 2415 900 2480 egissent,
935 2416 1199 2478 quantasque
1233 2416 1407 2463 divitias
1440 2416 1565 2463 brevi
1600 2414 1903 2463 convasaffent.

380 2488 501 2536 Boris
520 2489 660 2536 statim
678 2490 830 2537 ardere
849 2489 1110 2551 cupiditate,
1129 2506 1181 2537 ac
1198 2489 1313 2536 velle
1333 2489 1410 2535 ista
1427 2492 1663 2550 inquirere,
1682 2488 1906 2549 complex-

379 2577 424 2608 us
457 2562 519 2609 est
543 2562 659 2625 illos,
685 2577 775 2609 non
794 2561 913 2610 secus
931 2576 983 2609 ac
1001 2577 1056 2610 ex
1073 2563 1112 2610 se
1130 2577 1276 2620 natos,
1294 2562 1342 2611 &
1362 2563 1416 2609 ad
1433 2563 1666 2626 dignitates
1685 2562 1907 2622 promovit

381 2637 464 2682 imo
503 2635 757 2697 ampliffimo
798 2635 1077 2697 Imperatoris
1111 2637 1289 2683 nomine
1325 2634 1422 2697 ipsis
1457 2634 1657 2683 concess'o
1691 2633 1905 2694 diploma-

379 2721 418 2754 te
451 2711 587 2767 cavit,
622 2723 681 2773 ut,
704 2709 788 2756 fine
814 2709 1155 2757 contradiCtione
1179 2711 1305 2756 terris
1328 2707 1377 2757 8ι
1401 2710 1515 2773 agris
1533 2721 1749 2769 perpetuo
1766 2705 1905 2753 libere

1138 2782 1180 2829 C
1201 2797 1226 2843 3
1629 2780 1905 2836 fruerentur,
