2816 3352
944 386 950 393 -
1537 361 1582 409 Ε
1596 361 1705 410 ΧΕ
1725 361 1767 410 G
1778 362 1824 410 Ε
1842 361 1877 409 S
1889 362 1965 410 IS

1025 431 1261 508 Libelli
1288 436 1632 524 supplicis,
1663 438 1872 504 oblati
1897 439 2125 525 Regiae
2151 441 2485 524 MaJestati

1176 536 1421 598 Hispaniae,
1450 552 1476 583 a
1505 535 1636 584 Duce
1664 535 1795 584 Petro
1823 535 2082 585 Fernandez
2109 537 2164 585 de
2192 538 2325 602 Quir,

1687 674 1804 724 Super

991 792 1303 858 Deteilio'ne
1350 805 1577 880 quartae'
1613 800 1803 877 partis
1858 792 2014 855 Orbis
2063 810 2378 875 terrarum,
2430 803 2515 859 cui

1146 907 1298 940 nomen
1328 891 1557 957 Australis
1571 892 1812 956 incognita,
1835 892 1968 955 eiusq,·
1983 891 2194 955 immensis
2211 893 2358 956 opibus

1584 962 1644 1018 ἐξ
1669 963 1919 1028 fertilitate.

1139 1123 1142 1134 ’
1289 1123 1338 1179 '1ss
1346 1124 1380 1170 ‘a'
1417 1107 1696 1157 Llustrissime
1740 1109 1872 1168 Rex,
1910 1110 2131 1159 Octavum
2165 1111 2284 1159 hunc
2316 1110 2513 1159 libellum

1070 1201 1101 1224 «a
1156 1184 1161 1200 Χ
1339 1224 1342 1240 s
1416 1181 1656 1244 supplicem
1687 1184 1766 1230 tibi
1784 1180 1948 1241 offero,
1970 1182 2096 1245 super
2111 1183 2378 1232 deductione
2396 1183 2514 1232 colo-

1011 1294 1033 1312 .,
1054 1290 1082 1320 r*
1384 1299 1386 1312 ι
1416 1256 1613 1313 niarum,
1648 1256 1692 1301 in
1719 1268 1855 1302 terras
1882 1270 1988 1317 quas
2011 1254 2233 1318 Maiestati
2250 1255 2408 1321 Regiae
2425 1256 2515 1318 pla·

1060 1318 1107 1354 x*
1123 1349 1161 1388 ‘xx
1241 1337 1272 1393 ζ,
1292 1383 1305 1396 ’
1325 1338 1333 1392 ξ
1362 1345 1388 1385 μ’,
1415 1329 1508 1374 cuit
1534 1327 1708 1391 detegi,
1732 1329 1777 1374 in
1795 1329 1975 1391 regione
1993 1327 2183 1396 Australi
2202 1328 2451 1394 incognita,
2466 1342 2516 1379 ut

1285 1393 1353 1463 ᾖ,
1376 1402 1383 1435 ἴ
1414 1398 1625 1446 hactenus
1654 1400 1697 1445 in
1725 1400 1907 1462 negotio
1922 1414 1979 1448 eo
1995 1399 2104 1447 nihil
2121 1392 2266 1449 actum
2283 1402 2358 1458 fit,
2387 1401 2514 1449 nihil—

1041 1507 1044 1508 γ
1280 1462 1316 1489 ¹
1338 1466 1352 1486 ³
1415 1485 1502 1534 que
1534 1471 1718 1533 responsi
1752 1485 1827 1519 aut
1854 1471 1941 1534 spei
1964 1471 2113 1520 datum
2130 1473 2186 1521 de
2204 1472 2454 1523 felicissimo
2469 1490 2514 1522 e·

985 1561 1136 1596 ventu.
1168 1543 1316 1607 Elapfi
1348 1547 1467 1593 enim
1494 1545 1826 1606 quatuordecim
1849 1544 2039 1604 menseS,
2066 1560 2121 1593 ex
2138 1549 2291 1608 quoin
2310 1546 2427 1595 Aula
2443 1547 2514 1595 hic

987 1620 1080 1678 fui,
1109 1619 1379 1679 totidemque
1408 1620 1509 1664 anni
1538 1633 1640 1666 cum
1668 1620 1857 1679 primum
1885 1618 1978 1666 haec
1996 1617 2182 1682 agress‘us
2201 1619 2317 1679 sum,
2345 1620 2433 1668 fine
2449 1620 2514 1668 ul-

986 1692 1033 1740 lo
1082 1691 1299 1755 stipendio
1346 1705 1421 1738 aut
1469 1691 1697 1749 mercede,
1734 1690 1937 1739 inductus
1970 1690 2241 1740 solummodo
2273 1693 2515 1754 praestantifi

986 1764 1098 1823 Rei,
1125 1764 1426 1826 devoratisque
1454 1764 1658 1811 omnibus
1675 1762 1842 1824 taedijs,
1863 1765 2020 1829 viginti
2035 1764 2229 1812 millibus
2246 1764 2384 1813 leucis
2400 1768 2515 1813 eme·

986 1837 1058 1896 fis,
1093 1838 1206 1885 terra
1240 1852 1292 1885 ac
1325 1839 1456 1895 mari,
1488 1837 1691 1884 omnibus
1714 1838 1824 1883 meis
1842 1836 2099 1898 absumptis,
2116 1837 2318 1899 mihiipsi
2335 1837 2514 1886 defuiss'e

985 1910 1162 1970 videor,
1195 1923 1334 1968 tanta,
1367 1924 1543 1972 tamque
1570 1910 1788 1957 horrenda
1816 1907 1979 1971 passus»,
1992 1923 2040 1957 ut
2055 1912 2131 1957 vix
2148 1909 2269 1958 effari
2287 1910 2442 1969 liceat,
2458 1927 2514 1960 eo

988 1983 1074 2031 fine
1107 1998 1154 2032 ut
1187 1986 1309 2046 pium
1341 1983 1450 2041 hoe,
1482 1981 1529 2032 δι
1561 1982 1779 2030 laudabile
1812 1998 1923 2044 opus
1957 1982 2238 2042 absolverem.
2279 1976 2281 1979 ’

1051 2056 1202 2120 Quare
1230 2056 1293 2103 ‘ad
1325 2055 1460 2118 pedes
1492 2054 1651 2119 Regiae
1680 2055 1922 2116 Majestatis
1938 2054 2119 2116 supplex
2137 2070 2208 2103 me
2225 2055 2440 2115 devolvo,
2458 2071 2512 2104 ne

989 2129 1177 2192 praemijs
1207 2128 1330 2190 justis
1362 2127 1409 2178 δι
1436 2128 1595 2175 debitis
1614 2130 1834 2175 continuis
1857 2127 2099 2186 laboribus,
2116 2126 2163 2177 &
2179 2128 2389 2190 molestijs
2406 2131 2513 2177 meis

989 2202 1247 2250 defraudet:
1284 2201 1401 2250 Cum
1433 2201 1562 2249 sciam
1594 2202 1745 2263 quanti
1775 2201 1936 2260 interiit
1964 2201 2123 2249 divinae
2156 2201 2322 2265 gloriae.
2358 2200 2513 2267 Regiae

989 2274 1238 2337 Majestati,
1271 2290 1353 2323 nec
1386 2276 1547 2338 exigua
1578 2273 1672 2323 haec
1701 2275 1895 2336 paritura
1910 2274 2141 2326 commoda
2158 2289 2245 2322 non
2264 2288 2429 2322 tantum
2446 2275 2512 2322 his

989 2347 1167 2406 secum,
1200 2347 1273 2395 sed
1304 2347 1349 2397 &
1381 2343 1638 2395 evolvendis
1671 2348 1715 2394 in
1748 2342 1974 2395 ⁴aeternum.
2004 2357 2007 2360 ·
2057 2363 2060 2366 ’

1054 2418 1116 2468 Vt
1149 2434 1293 2468 autem
1326 2419 1549 2479 exordiar,
1582 2419 1674 2478 haec
1702 2420 1759 2467 de
1776 2419 1963 2483 regiont‘i
1980 2422 2226 2482 nuperrime
2244 2420 2511 2469 detectarum

988 2492 1277 2554 amplitudine
1309 2493 1476 2550 habeo,
1509 2507 1611 2554 quoe
1642 2491 1729 2554 ipse
1761 2491 1904 2540 oculis
1919 2492 2037 2550 vidi,
2053 2508 2238 2554 quaeque
2257 2492 2512 2541 Ludovicus

991 2564 1106 2613 Paez
1123 2566 1177 2614 de
1197 2565 1386 2624 Torres‚
1410 2563 1717 2614 Architalass'us
1735 2562 1958 2630 Maiestati
1975 2564 2132 2629 Regiae
2150 2568 2375 2614 nunciavit
2386 2602 2399 2624 ‚
2417 2566 2511 2614 lon-

989 2639 1145 2703 gitudo
1178 2654 1354 2697 earum,
1381 2652 1543 2701 quanta
1570 2640 1703 2686 totius
1730 2636 1794 2685 est
1810 2635 2025 2699 Europae,
2052 2637 2165 2686 Afiae
2182 2640 2363 2686 minoris
2380 2639 2511 2701 usque

990 2711 1046 2758 ad
1081 2711 1213 2760 Mare
1232 2710 1464 2773 Caspium,
1499 2710 1677 2769 Perfiae,
1695 2725 1797 2759 cum
1816 2710 1961 2761 insulis
1978 2712 2106 2758 maris
2123 2711 2449 2770 mediterranei,
2465 2710 2511 2761 &

2126 2797 2130 2805 “
2342 2783 2511 2832 Oceani
