2816 3320
743 430 798 510 ἐξ)
829 419 936 474 Vm
963 429 1194 492 temere,
1215 412 1292 482 &³
1320 413 1721 498 inconsiderate
1746 433 1918 478 antea

734 511 769 541 ’ἢ
778 524 804 580 'y
818 509 1095 576 scripserim,
1126 511 1249 572 hosce
1275 523 1542 560 mercatores
1569 524 1735 561 nostros
1752 513 1922 579 [equiti

755 592 764 599 ⁸
826 598 940 632 anno
959 600 1056 632 cum
1076 586 1237 649 Anglis
1254 585 1362 633 bello
1375 596 1639 644 certaturos,
1658 601 1714 651 ac
1726 588 1778 635 de
1788 588 1920 636 liber-

826 667 918 704 tate
928 655 1185 719 piscationis
1196 658 1320 720 apud
1332 656 1531 722 Insulam
1551 657 1919 725 Spitsbergensem

825 744 922 777 cum
942 727 1094 793 ijsdem
1112 730 1418 789 dimicaturos‚·
1442 731 1520 778 Ab
1539 730 1690 795 tjfdem
1707 745 1920 781 mercato-

383 801 521 864 ribus,
552 799 741 866 ejusdem
771 802 1066 866 navigationis
1102 803 1348 860 autoribus,
1373 802 1490 866 fatis
1520 804 1688 851 acriter
1705 802 1808 868 sum
1850 821 1919 853 re-

378 873 641 939 prehensus,
674 875 749 937 qui
781 888 1058 937 nequaquam
1092 886 1246 923 contra
1271 874 1587 940 fereniffimam
1607 875 1795 941 Magnae
1813 877 1921 926 Bri·=

385 949 547 996 tanniae
582 945 890 1009 Majestatem,
919 946 958 1010 f
949 963 971 994 e
989 946 1250 1009 opposituros
1274 947 1529 1005 declarant,
1546 959 1596 994 ut
1603 958 1706 1010 pote
1721 963 1856 1011 quam
1873 951 1920 998 in

385 1035 542 1085 magno
558 1019 769 1081 habeant,
790 1018 1004 1083 respectu,
1023 1016 1120 1082 αῑᾷς
1145 1019 1262 1082 (qua
1279 1030 1375 1082 par
1399 1021 1487 1082 est)
1511 1022 1788 1081 reverentias
1809 1024 1926 1084 quod

384 1094 554 1157 quidem
565 1093 809 1155 prudenter
825 1092 885 1139 ab
904 1092 959 1156 zjs
967 1090 1230 1155 factitatum
1247 1091 1328 1157 effe
1340 1093 1513 1154 judico,
1530 1101 1772 1155 propterea
1787 1096 1917 1158 quod,

376 1165 652 1230 summopere
683 1163 922 1229 confidant,
957 1165 1073 1228 quod
1102 1165 1259 1212 audita
1289 1163 1348 1218 &⁹
1374 1164 1591 1212 intellecta
1612 1181 1760 1213 eorum
1784 1167 1922 1225 causa

385 1235 480 1302 atq‘,·
506 1240 705 1302 querela,
735 1253 823 1296 eos,
846 1248 912 1302 ut⁸
916 1236 1106 1300 subditos
1130 1238 1330 1285 ordinum
1346 1236 1431 1299 sibi
1452 1238 1660 1301 religione
1677 1236 1737 1292 ἐφ’
1750 1237 1923 1301 faedere

376 1318 646 1381 junctorum,
674 1317 911 1382 secundum
940 1332 1154 1382 magnam
1181 1317 1501 1366 humanitatem
1522 1316 1656 1381 fuam
1681 1318 1790 1366 Rex
1814 1318 1921 1367 Bri-

385 1392 546 1440 tanniae
555 1390 614 1454 sit
622 1390 917 1454 protecturus,
936 1389 1146 1454 adversus
1157 1392 1245 1439 vim
1264 1391 1324 1453 (ὰ
1344 1389 1720 1454 Capitaneisfuis,
1730 1390 1817 1455 sub
1831 1392 1922 1453 ejus

387 1466 510 1513 titulo
532 1462 591 1517 &³
606 1464 858 1526 praetextu)
882 1463 969 1510 hac
992 1462 1138 1526 aestate
1161 1463 1347 1511 navibus
1373 1464 1531 1510 nostris
1552 1463 1751 1521 illatam,
1767 1461 1921 1525 simili-

387 1536 499 1601 τενᾴς
515 1536 811 1584 mandaturus
827 1534 1133 1599 restitutionem
1150 1551 1300 1583 rerum
1317 1535 1437 1583 nobis
1443 1535 1549 1597 jam
1560 1536 1735 1597 pridem
1749 1546 1922 1598 erepta-

386 1625 499 1658 rum.
521 1607 700 1674 Quodsi
711 1624 764 1655 ne
780 1608 859 1655 hoc
869 1608 1041 1671 quidem
1055 1607 1201 1655 adhuc
1211 1608 1516 1670 mandaretur,
1532 1608 1627 1671 atq',·
1638 1622 1670 1656 a
1684 1607 1924 1672 Maiestate

386 1682 467 1741 fua
483 1677 801 1745 injungeretur,
819 1679 1127 1744 constituerunt
1135 1679 1253 1728 tam‘e
1269 1695 1387 1743 aequo
1401 1680 1547 1728 animo
1557 1679 1702 1742 ferre,
1720 1681 1927 1743 quicquid

388 1769 418 1802 a
451 1754 570 1803 dicta
604 1754 849 1815 Majestate
876 1755 922 1801 in
944 1754 1023 1800 hoc
1050 1754 1215 1817 negotio
1244 1754 1495 1801 ordinatum
1515 1751 1677 1816 fuerit,
1708 1751 1807 1816 ηεᾴς
1833 1756 1922 1802 ullo

387 1828 508 1874 modo
532 1841 668 1875 arma
689 1826 899 1890 adversus
919 1841 1018 1874 eam
1045 1841 1232 1887 movere,
1257 1825 1411 1889 quibus
1425 1824 1477 1889 se
1499 1824 1722 1888 effecturos
1743 1825 1824 1891 effe
1839 1843 1923 1875 non

383 1898 471 1962 sine
502 1898 641 1965 causa
658 1911 902 1947 autumant.

458 1971 520 2019 Vt
540 1984 686 2021 tamen
708 1973 760 2020 de
771 1973 881 2033 jure
903 1986 1052 2019 eorum
1068 1970 1185 2036 fatis
1207 1972 1423 2019 evidenter
1445 1970 1639 2018 omnibus
1655 1980 1835 2033 pateat,
1851 1971 1922 2036 fe-

389 2047 565 2108 quentt'a
585 2046 756 2109 quidem
778 2045 844 2093 his
866 2045 1080 2109 adjugere
1102 2042 1340 2108 consultum
1350 2044 1623 2106 putavimus,
1643 2058 1739 2106 quae
1751 2045 1922 2107 quidem

389 2118 418 2165 a
436 2118 595 2184 dofflffi
636 2117 960 2183 Cosmograplto
986 2117 1120 2164 Petro
1146 2117 1327 2164 Plancio
1336 2115 1574 2180 secundum
1591 2117 1658 2164 rei
1674 2118 1922 2179 aequitatem

390 2190 483 2256 ατᾲς
513 2189 763 2255 mensuram
780 2188 1026 2254 conscripta
1033 2188 1153 2253 sunt.
