2816 3320
1031 345 1124 393 Sita
1156 345 1217 393 est
1251 346 1354 393 urbs
1389 343 1622 408 Tobolsca,
1649 344 1704 391 ad
1725 343 1908 392 fluvium
1932 343 2092 403 Iirtim,
2121 346 2199 406 qui
2234 343 2497 406 rapidissimo

965 418 1165 476 flumine,
1211 418 1339 465 instar
1378 416 1572 478 Danubij
1619 432 1644 464 a
1683 431 1804 478 parte
1844 417 2119 465 meridionali
2152 431 2299 465 ortum
2332 417 2496 465 ducens

967 494 1012 538 in
1035 491 1139 552 Oby
1168 491 1211 538 se
1244 499 1473 548 exonerat,
1491 489 1630 552 qui&
1647 505 1702 537 ex
1720 490 1877 538 eodem
1902 493 2037 538 tractu
2057 490 2233 538 videtur
2255 490 2363 548 labi,
2394 490 2496 538 alte-

967 579 1057 611 ram
1092 565 1211 611 urbis
1244 577 1411 625 partem
1445 563 1596 610 lambit
1629 562 1787 611 fluvius
1822 562 1996 621 Tobol‚
2015 563 2131 611 unde
2150 565 2249 610 urbi
2267 569 2398 611 nome
2417 563 2494 611 est:

967 640 1040 685 cui
1073 637 1113 684 se
1141 636 1288 685 miscet
1321 635 1478 684 fluvius
1512 635 1654 699 Taffa,
1692 637 1746 683 ab
1780 636 1986 699 aquilone
2010 651 2066 683 ex
2088 636 2311 683 montibus
2335 638 2497 683 mariti-

966 713 1047 758 mis
1079 722 1224 758 ortum
1256 709 1443 767 ducens,
1478 709 1532 756 ad
1563 709 1691 771 hujus
1725 712 1865 771 ripam
1900 708 2076 756 Moschi
2094 724 2236 770 nuper
2251 710 2406 756 urbem
2425 711 2497 756 εδ-

966 782 1138 840 didere,
1172 797 1302 843 quam
1322 780 1490 829 Poliem
1507 782 1679 841 dixere,
1697 782 1885 843 colonijs
1908 782 1933 829 ὲ
1953 781 2123 830 Siberia
2140 782 2299 841 ductis,
2317 796 2495 845 auxere,

967 855 1047 903 hac
1080 854 1167 902 sola
1199 854 1254 902 de
1289 854 1430 913 caula,
1466 855 1586 917 quod
1604 870 1707 919 ager
1725 854 2004 902 fertilissimus
2022 870 2117 902 eam
2135 857 2305 918 cingat,
2323 870 2407 902 nec
2425 854 2498 902 de-

967 928 1046 975 fint
1070 928 1213 989 Sylvae
1246 928 1546 992 amaenissimae‚
1582 928 1812 977 nutricolae
1840 931 2055 976 variarum
2083 928 2302 986 ferarum,
2318 927 2498 989 panthe-

968 1016 1134 1060 rarum,
1167 1001 1382 1061 lyncium,
1404 1001 1623 1064 vulpium,
1642 1001 1906 1049 sabellorum
1924 1001 1968 1050 &
1985 1014 2235 1048 mattarum.
2266 998 2410 1047 Distat
2427 1016 2499 1047 ve-

970 1090 1020 1122 ro
1070 1074 1302 1122 Polienum
1338 1073 1568 1125 ¹Tobolscz‘i
1618 1075 1800 1122 duarum
1845 1074 2220 1122 hebdomodarum
2260 1075 2416 1120 itinere
2456 1075 2499 1120 in

970 1147 1253 1209 Aquilonem.
1291 1147 1406 1194 Iirtis
1439 1146 1596 1195 fluvius
1630 1150 1724 1209 pari
1747 1147 1841 1195 fere
1866 1146 2124 1195 aTobolsca
2140 1146 2274 1208 spatie
2292 1184 2302 1209 ,
2322 1146 2363 1193 se
2382 1161 2500 1193 com-

969 1221 1117 1268 miscet
1166 1220 1302 1268 fluvio
1349 1220 1478 1280 Oby,
1524 1221 1577 1267 ad
1611 1221 1734 1281 cujus
1767 1220 1926 1267 ostium
1958 1220 2172 1281 oppidum
2208 1219 2500 1283 Olscoygoro-

969 1308 1060 1341 tum
1094 1294 1321 1341 conditum
1347 1292 1450 1350 fuit,
1484 1307 1526 1339 at
1560 1293 1707 1355 postea
1731 1292 1843 1355 juffu
1860 1294 2163 1357 gubernatoris
2184 1292 2366 1340 Siberiae
2384 1292 2501 1339 diru-

970 1381 1081 1424 tum,
1115 1368 1241 1415 causa
1273 1381 1380 1413 vero
1403 1366 1575 1427 prodita
1608 1381 1698 1412 non
1732 1366 1838 1424 fuit,
1862 1381 1958 1412 eam
1981 1380 2124 1413 tamen
2148 1366 2262 1413 hanc
2280 1364 2404 1414 fuisse
2422 1365 2500 1413 sus-

970 1442 1116 1500 picor,
1152 1439 1363 1487 intensum
1395 1438 1555 1502 frigus,
1589 1438 1661 1485 vel
1684 1439 1804 1500 quod
1821 1440 1930 1485 mari
1947 1440 2136 1486 vicinius
2154 1438 2276 1497 esset,
2295 1439 2501 1485 damnum

971 1512 1172 1574 aliquod,
1211 1526 1284 1559 aut
1319 1512 1647 1559 inundationem
1684 1513 1958 1570 metuebant,
1994 1514 2082 1559 imo
2114 1515 2354 1559 maximum
2389 1514 2501 1572 peri-

971 1584 1120 1633 culum
1155 1585 1183 1631 st
1216 1585 1333 1632 forte
1366 1584 1542 1646 populis
1576 1583 1909 1646 quamplurimis
1936 1584 2120 1633 ditatum
2145 1584 2260 1632 ess'et.
2297 1584 2501 1646 Cumque

970 1657 1129 1705 fluvius
1163 1657 1254 1704 Obi
1289 1659 1573 1704 maximarum
1608 1672 1816 1718 aquarum
1858 1658 1986 1718 copia
2020 1657 2256 1716 redundet,
2289 1657 2335 1706 &
2354 1660 2504 1722 ingen-

971 1745 1057 1778 tem
1091 1733 1335 1779 vicinarum
1369 1745 1580 1778 terrarum
1614 1745 1780 1792 partem
1816 1745 2021 1792 tanquam
2054 1731 2237 1779 brachio
2276 1730 2503 1792 amplecta-

971 1818 1061 1862 tur,
1096 1803 1142 1853 δι
1175 1803 1467 1862 circumfluat,
1502 1818 1630 1866 atque
1667 1807 1725 1850 ita
1759 1807 1805 1850 in
1839 1804 1878 1851 se
1908 1803 2079 1866 refluat,
2099 1819 2284 1865 eamque
2301 1818 2503 1867 magnam

971 1877 1150 1932 insulam
1188 1877 1341 1935 faciat,
1381 1880 1425 1924 in
1464 1877 1516 1924 ea
1554 1892 1713 1924 novam
1752 1878 1927 1935 urbem,
1968 1879 2287 1941 quinquaginta
2323 1876 2504 1923 miliari-

971 1951 1053 1998 bus
1088 1951 1113 1996 a
1145 1952 1252 1997 mari
1286 1949 1466 1997 diffitam
1500 1950 1757 2008 condidere,
1792 1964 1923 2012 quam
1949 1949 2143 2014 Zorgoet
2165 1952 2408 1996 nominant.

1037 2021 1158 2069 Hinc
1192 2022 1369 2069 adverso
1401 2022 1580 2070 flumine
1614 2026 1891 2087 navigantes,
1925 2038 2023 2070 raro
2057 2037 2238 2070 utuntur
2276 2022 2407 2080 velis,
2435 2023 2504 2070 vel

974 2096 1094 2156 quod
1128 2095 1382 2159 languidum
1416 2095 1545 2157 spiret
1579 2098 1719 2153 venti,
1748 2096 1820 2143 vel
1844 2110 2012 2143 montes
2036 2095 2196 2153 obssnt,
2220 2095 2324 2143 lic-et
2341 2096 2504 2156 ubique

974 2167 1067 2215 fere
1102 2167 1292 2216 luxuriet
1327 2168 1446 2230 Oby,
1480 2169 1656 2231 scaphas
1690 2183 1835 2216 tamen
1864 2168 2043 2216 funibus
2077 2168 2353 2230 protrahant,
2376 2168 2504 2230 plane

974 2256 1029 2286 eo
1062 2240 1196 2287 modo
1229 2256 1320 2303 quo
1354 2241 1599 2290 Moscoviae
1632 2241 1788 2289 fluvios
1823 2241 2037 2303 superant.

1039 2312 1257 2361 Ducentis
1290 2314 1414 2375 supra
1446 2314 1641 2379 Zorgoet
1675 2315 1813 2362 leucis
1847 2314 2025 2362 emendis
2060 2313 2323 2375 Narmiscoy
2363 2329 2505 2361 arcem

976 2385 1187 2433 tredecim
1226 2386 1384 2434 adhinc
1424 2389 1547 2433 annis
1593 2386 1850 2434 exstructam
1883 2387 2144 2446 deveniunt,
2179 2402 2281 2435 cum
2317 2387 2505 2435 summus

978 2457 1172 2506 Siberiae¹
1195 2457 1479 2507 Gubernator
1512 2459 1748 2508 nonnullos
1782 2460 2004 2518 emiserat,
2039 2474 2173 2508 terras
2208 2460 2400 2508 humano
2434 2475 2507 2524 ge-

976 2534 1071 2579 neri
1105 2531 1378 2591 commodas,
1412 2546 1541 2594 atque
1575 2534 1757 2581 urbibus
1791 2533 2035 2581 condendis
2068 2533 2248 2581 idoneas
2283 2534 2507 2598 indagatu-

976 2619 1068 2663 rOS,
1101 2619 1285 2667 eamque
1321 2605 1366 2652 id
1398 2609 1607 2668 temporis
1641 2605 1856 2664 struxere,
1880 2620 2010 2668 atque
2028 2620 2194 2654 armato
2211 2606 2350 2654 milite
2368 2609 2507 2654 muni-

976 2691 1079 2725 vere
1092 2713 1106 2736 ‚
1125 2680 1260 2726 trac‘tu
1278 2693 1357 2740 per
1372 2693 1502 2740 quam
1520 2694 1707 2737 amaen0,
1725 2678 1904 2737 salubri,
1922 2679 2099 2741 tepid0,
2118 2679 2275 2738 fertili,
2293 2679 2339 2729 &
2358 2682 2402 2726 in
2421 2694 2508 2741 quo

2319 2753 2508 2800 ferarum
