2824 3320
1523 294 1762 359 Exemplar
1794 295 1934 345 libelli

964 370 1198 421 dissimilist
1232 369 1367 418 Olem
1397 369 1508 417 istud
1542 368 1769 417 Cocorum
1803 368 1849 416 fit
1880 383 1938 416 ex
1972 368 2192 433 galagala‚
2223 371 2367 417 vicem
2385 370 2497 430 picis

966 442 1144 505 liquide
1177 442 1394 504 prestans.
1428 440 1632 490 Vidimus
1664 443 1860 504 speciem
1892 442 2082 504 quadam
2116 441 2284 501 refinae,
2311 456 2399 505 qua
2428 441 2499 489 In·

966 516 1217 581 dipiraguas
1238 516 1367 564 finni.
1401 514 1556 563 lintres
1590 517 1764 577 picant:
1797 515 2006 577 Cumque
2031 515 2130 577 ipfis
2158 529 2248 564 non
2276 514 2414 562 defint
2427 530 2500 563 ca··

967 604 1075 649 pm,
1094 587 1140 638 δι
1151 603 1318 647 vacce,
1335 602 1419 635 nec
1436 589 1649 647 carnium,
1667 587 1797 651 corij,
1817 589 1924 646 sevi,
1942 590 2103 635 arvinae
2120 589 2203 635 crit
2220 589 2416 649 penuria.
2436 586 2499 634 A·

967 676 1045 722 pes
1076 661 1205 709 nobis
1230 662 1351 719 visae,
1383 659 1529 709 mellis
1563 676 1614 708 ac
1648 660 1780 708 Cerae
1811 675 2119 725 argumentum
2144 662 2262 719 sunt,
2280 659 2326 709 &
2343 674 2500 722 preter

966 733 1080 792 haec,
1112 733 1250 782 multa
1280 732 1405 782 milia
1434 733 1564 780 nobis
1599 734 1825 797 incognita
1856 732 2140 794 pollicentur.
2178 733 2291 781 Situi
2308 747 2416 780 vero
2431 747 2500 781 re·

966 807 1148 870 gionum
1181 805 1210 854 fi
1242 805 1424 854 accedat
1458 804 1686 864 industria,
1709 819 1809 853 cum
1832 805 1894 852 ibi
1913 819 2033 853 tanta
2048 804 2098 853 sit
2115 820 2260 854 rerum
2276 805 2391 853 terra
2407 806 2501 854 nas·

966 880 1161 928 centium
1200 880 1351 940 copia,
1389 891 1479 945 non
1512 879 1673 942 exigua
1705 876 1958 926 nostratium
1992 878 2055 925 ibi
2089 877 2406 942 gignendarum
2439 877 2502 925 est

968 950 1063 1012 spes
1106 950 1320 1015 (quamm
1367 949 1599 1003 nonnullas
1646 950 1921 999 fertilill'unas
1969 949 2409 1013 prestantiffimasque
2455 952 2500 997 in

969 1022 1158 1071 Peruvia
1174 1022 1471 1086 Hispaniaque
1487 1038 1605 1070 nova
1620 1025 1951 1084 proveizienteS,
1973 1038 2028 1071 eo
2045 1023 2222 1071 decrevi
2238 1023 2500 1086 transterre)

969 1094 1078 1144 Haec
1107 1099 1168 1146 ita
1185 1096 1436 1158 conjtmaa,
1466 1108 1626 1143 terram
1650 1094 1770 1143 istam
1796 1098 1856 1142 ita
1880 1095 2071 1144 ditatura
2096 1096 2322 1155 videntur,
2345 1110 2393 1143 ut
2409 1110 2500 1143 non

968 1181 1135 1217 tantum
1180 1168 1398 1232 indigenis
1438 1167 1722 1217 sustentandis
1765 1166 2002 1228 sufficiant,
2035 1167 2110 1219 sed
2143 1168 2188 1218 δι
2221 1168 2497 1232 Americam,

969 1238 1313 1303 Hispaniamque
1357 1239 1584 1302 superfluis
1625 1240 1765 1288 ditare
1808 1254 2041 1302 poterunt,
2076 1241 2104 1288 fi
2137 1241 2272 1289 modo
2303 1255 2393 1290 non
2426 1241 2502 1288 de·

969 1312 1046 1360 smt
1078 1316 1156 1375 qui
1189 1313 1291 1361 huic
1318 1315 1445 1374 operi
1461 1327 1614 1360 manus
1631 1311 1925 1360 auxiliatrices
1942 1313 2161 1361 adhibeat.
2196 1313 2504 1361 Littoraenim

968 1399 1133 1434 mutum
1167 1387 1192 1434 a
1223 1387 1352 1434 nobis
1385 1385 1560 1434 lustrata
1591 1384 1861 1434 illustrillime
1891 1385 2016 1445 Rex,
2044 1386 2211 1434 indicio
2232 1387 2360 1443 nobis
2378 1387 2501 1445 fimt,

968 1458 1075 1520 quid
1103 1473 1164 1507 ex
1197 1459 1362 1506 intimis
1393 1460 1624 1522 regionum
1655 1457 1954 1524 penetralibus
1986 1459 2035 1506 fit
2063 1459 2347 1520 sperandum,
2372 1460 2503 1520 spon·
2578 1501 2580 1503 .

968 1531 1053 1579 deo
1085 1545 1205 1579 tanta
1236 1531 1487 1594 commoda,
1523 1531 1746 1592 tantasque
1779 1531 1975 1590 divitiaS,
2004 1546 2186 1594 quantas
2202 1532 2334 1595 bodie
2350 1546 2407 1579 ex
2424 1547 2503 1580 no·

969 1604 1061 1652 stris
1095 1604 1216 1652 Indis
1242 1604 1490 1663 haurimus,
1520 1606 1693 1651 animus
1723 1604 1854 1672 nobie
1886 1604 1972 1651 fuit
1999 1618 2169 1653 tantum
2184 1620 2259 1653 eas
2276 1605 2503 1669 detegere,

968 1692 1056 1724 non
1088 1679 1263 1739 penitus
1297 1676 1583 1739 perlustrare,
1615 1692 1701 1724 nec
1718 1677 1843 1725 licuit
1857 1678 1920 1724 ‚ob
1939 1676 2295 1736 invalitudinem,
2313 1677 2503 1740 aliasque

968 1750 1113 1798 causas
1139 1750 1307 1814 fingula
1335 1749 1567 1814 indagare,
1602 1763 1705 1797 cum
1737 1764 1820 1797 nec
1848 1764 1962 1798 unus
1995 1749 2150 1797 meniis
2183 1749 2395 1798 sufficeret
2428 1750 2503 1798 sed

966 1822 1276 1871 duodecimum
1309 1824 1444 1870 totius
1476 1824 1580 1870 anni
1610 1823 1805 1881 menseS,
1838 1837 1887 1871 ut
1920 1822 2087 1888 singula
2118 1838 2219 1884 quae
2252 1837 2367 1870 nerra
2383 1823 2503 1870 certa

968 1897 1068 1942 anni
1099 1894 1355 1957 tempestate
1386 1896 1636 1955 nascantur,
1670 1910 1882 1944 notarem.
1919 1894 2081 1958 Neque
2117 1895 2215 1944 Indi
2245 1895 2418 1943 istarum
2436 1907 2503 1943 re'-

967 1970 1149 2032 gionum
1176 1968 1421 2032 indigenoe,
1453 1966 1653 2016 aestimari
1685 1967 1848 2016 debent
1876 1968 2029 2029 ijsdem
2064 1968 2503 2030 cupiditatibusqui-

968 2041 1047 2088 bus
1079 2055 1162 2087 nos
1194 2039 1325 2098 duci,
1351 2038 1428 2087 sed
1443 2054 1521 2086 eos
1537 2038 1639 2099 effe,
1657 2042 1736 2101 qui
1751 2040 1837 2088 hoc
1854 2055 1992 2088 unum
2008 2040 2250 2089 deiiderant
2266 2054 2314 2089 ut
2332 2054 2503 2088 aeraoem

968 2112 1052 2160 {ine
1085 2111 1188 2167 ullis
1219 2111 1465 2170 laboribus,
1505 2113 1705 2174 eorporis
1737 2111 2078 2177 defatigatione,
2115 2112 2324 2175 molestijs
2357 2113 2503 2161 tranfi-

967 2197 1090 2249 gant,
1124 2198 1208 2233 nec
1242 2187 1303 2232 ita
1333 2197 1383 2232 -ut
1409 2199 1490 2233 nos
1512 2183 1591 2231 vili
1607 2184 1736 2233 lucro
1753 2184 1989 2244 inhianeeS,
2007 2199 2081 2233 aut
2099 2189 2215 2234 curis
2233 2200 2502 2248 torquentes.

1031 2257 1195 2305 Tantas
1227 2257 1562 2306 commoditates
1594 2260 1784 2320 viteque
1820 2257 2125 2309 suavitates&
2153 2258 2335 2307 delicias
2362 2273 2419 2306 eo
2440 2258 2504 2308 lo·

967 2332 1010 2378 ci
1041 2330 1176 2378 homo
1207 2331 1442 2393 percipiet,
1477 2344 1725 2391 quantaeex
1740 2329 1834 2378 solo
1850 2329 2146 2394 nnaenissim0‚
2167 2329 2421 2393 cultiffimo,
2442 2335 2504 2378 te-

967 2402 1227 2464 perariffimo
1253 2405 1416 2465 sperari
1437 2403 1624 2465 pollint:
1656 2403 1810 2452 Solum
1837 2403 1901 2450 est
1924 2403 2129 2467 furvum,
2160 2406 2325 2468 pingue
2353 2402 2400 2453 &
2422 2403 2504 2451 foe·

966 2476 1187 2534 cundum,
1210 2475 1363 2541 atgilla
1378 2476 1525 2538 paffim
1543 2478 1659 2525 abun
1666 2481 1790 2536 lans,
1808 2475 2023 2525 struendis
2039 2476 2238 2538 aedificijs
2254 2476 2441 2535 idonea,
2459 2474 2504 2525 δι

967 2548 1196 2607 lateribus,
1228 2548 1276 2598 δι
1308 2549 1486 2613 tegulis,
1521 2565 1606 2600 nec
1634 2550 1794 2601 desunt
1819 2550 1990 2612 lapides
2016 2552 2131 2609 vivi,
2152 2564 2369 2597 marmora
2383 2549 2413 2596 fi
2432 2549 2501 2611 cuj

965 2623 1136 2669 animus
1169 2623 1252 2670 erit
1284 2621 1513 2684 splendide
1545 2622 1775 2671 aedifieare.
1809 2621 1969 2688 Lignis
1990 2623 2047 2671 ad
2069 2638 2206 2684 opera
2228 2638 2414 2685 queque
2436 2636 2504 2670 re·

964 2695 1042 2758 gio
1074 2693 1285 2758 abundat,
1321 2693 1518 2756 pulchre
1551 2697 1596 2743 in
1624 2695 1683 2743 est·
1698 2694 1923 2758 planities,
1937 2698 2109 2758 campi,
2124 2710 2173 2744 ut
2186 2695 2429 2758 plurimum
2445 2696 2503 2742 ri-

1184 2790 1186 2793 *
2365 2766 2502 2826 vulis,
