2816 3288
1536 287 1776 350 Exemplar
1807 286 1948 335 libelli

979 361 1138 409 deamo
1170 360 1220 410 dt
1251 360 1457 423 depereo.

1045 432 1148 482 Nec
1180 433 1360 495 despero
1391 434 1453 481 ob
1486 446 1581 481 eam
1609 448 1710 495 quae
1730 432 1793 480 est
1821 431 2065 495 Majestatis
2083 431 2243 497 Regiae
2260 434 2306 479 in
2323 432 2512 494 consilijs

981 506 1213 568 capiundis
1244 505 1493 568 pntdentia,
1527 509 1574 553 in
1604 506 1814 571 gerundis
1845 507 2203 570 magnanimitas,
2237 506 2283 553 in
2309 504 2513 553 fovendis

983 579 1230 627 Christiana
1273 580 1431 640 piena,
1475 578 1702 644 negotium
1746 578 1833 626 boc
1871 577 2037 626 surnmo
2079 576 2195 625 Zelo
2231 591 2514 639 procuratum

983 654 1057 710 iri,
1093 654 1181 699 imo
1216 664 1266 699 ut
1297 651 1352 698 de
1372 650 1521 700 sutura
1536 664 1749 699 terrarum
1766 650 1941 698 istarum
1954 649 2515 711 jamdeteelarumcultura

984 726 1145 774 certior
1165 722 1248 772 ess'e
1266 723 1432 786 poilim.
1449 722 1550 772 Nec
1567 723 1658 772 loci
1675 726 1916 782 arnaenitas,
1934 737 2009 771 aut
2025 722 2137 771 lucri
2154 722 2270 785 spes,
2293 723 2514 772 stimulum

981 798 1109 846 nobis
1142 796 1303 845 addere
1324 796 1536 844 deberent
1559 810 1615 844 ne
1633 796 1799 844 deserta
1816 795 1970 854 essent,
1988 795 2060 842 sed
2075 809 2123 843 ut
2141 793 2267 843 Deus
2286 794 2418 843 Pater
2432 811 2515 844 σε·

982 870 1014 917 ii
1048 883 1100 918 ac
1127 883 1254 918 terrae
1276 868 1499 928 conditor,
1516 883 1617 917 cum
1636 868 1728 916 filio
1745 868 1822 916 suo
1839 868 1933 916 Iesu
1951 867 2147 928 Christo,
2165 871 2301 917 unico
2317 868 2514 917 Salvato-

982 957 1051 1001 re,
1085 943 1134 992 ἀ
1168 941 1485 1005 Spiritusstnsti,
1522 943 1578 989 ab
1611 941 1769 990 incolis
1802 941 2077 1006 agnoscatur,
2110 941 2303 1000 colatur,
2338 944 2515 990 invoce-

983 1029 1074 1074 tur,
1109 1014 1268 1062 Satan&
1294 1014 1474 1077 rejecto,
1500 1017 1577 1077 quei
1600 1016 1657 1063 ab
1685 1015 1783 1077 ipiis
1811 1014 2029 1062 adoratur.
2058 1014 2177 1062 Tum
2201 1016 2392 1077 primum
2408 1030 2514 1077 ope·

983 1090 1022 1136 ri
1056 1101 1178 1136 tanto
1209 1087 1443 1136 benedicet
1475 1086 1716 1146 Dominus,
1761 1101 1969 1149 tantaque
2002 1086 2296 1135 emolumenta
2330 1089 2376 1133 in
2409 1083 2515 1151 gen·

983 1173 1073 1209 rem
1105 1160 1294 1209 nostram
1325 1160 1651 1219 redundabunt,
1684 1174 1733 1207 ut
1759 1161 1918 1207 merito
1952 1161 1998 1206 in
2031 1175 2111 1207 nos
2134 1162 2275 1222 copiae
2293 1174 2435 1208 cornu
2450 1159 2515 1208 es·

983 1233 1121 1282 fufiile
1154 1233 1333 1298 gloriari
1366 1235 1630 1295 poterimus:
1665 1246 1820 1281 contra
1850 1247 1962 1280 vero
1996 1233 2026 1279 ss
2059 1231 2274 1281 Romanae
2306 1232 2516 1282 Ecclesia

983 1305 1231 1369 perduelles
1263 1306 1338 1353 has
1369 1306 1524 1354 nostris
1556 1305 1782 1353 laboribus
1808 1305 1996 1353 deteeias
2024 1307 2226 1370 regiones
2258 1305 2515 1366 invaserint,

983 1394 1032 1429 ut
1064 1378 1169 1428 falfa
1200 1378 1273 1428 sua
1298 1380 1503 1444 dogmata
1529 1391 1795 1443 propagent,
1828 1378 2058 1440 nostraque
2091 1378 2333 1437 destruant,
2366 1378 2516 1439 Eheu,

985 1467 1172 1516 quantus
1204 1452 1349 1511 labor,
1382 1466 1554 1514 quantae
1587 1466 1704 1499 curae
1738 1453 1784 1498 in
1812 1465 1892 1498 nos
1920 1452 2145 1515 ingruent,
2170 1453 2259 1499 imo
2275 1467 2375 1514 quae
2393 1452 2515 1501 felici

985 1525 1178 1587 auspicio
1210 1540 1237 1572 a
1267 1523 1396 1573 nobis
1427 1538 1573 1587 cepta,
1607 1526 1653 1571 in
1685 1523 1811 1585 pejus
1843 1525 1992 1571 omnia
2022 1538 2266 1583 vertentur,
2291 1525 2424 1587 ipsam
2442 1540 2515 1575 au—

985 1597 1139 1647 straliae
1173 1600 1407 1663 incognitae
1442 1596 1736 1660 poilesiionem
1770 1596 1846 1644 iibi
1882 1595 1981 1658 ipiis
2014 1596 2280 1657 adscribent,
2304 1597 2515 1647 funditus-

985 1685 1072 1734 que
1105 1671 1321 1730 evert‘ent,
1349 1669 1472 1732 quod
1497 1684 1627 1718 omen
1656 1683 1822 1717 avertat
1850 1668 1976 1717 Deus
2003 1672 2195 1732 optimus
2222 1673 2451 1719 maximus,

986 1760 988 1764 ¹
1035 1743 1120 1791 -Ex
1153 1744 1222 1791 his
1256 1758 1343 1791 non
1377 1743 1534 1791 dubito
1560 1757 1663 1791 cum
1695 1742 1854 1807 Regiae
1887 1741 2110 1804 Majestati
2144 1742 2332 1802 constet,
2355 1757 2517 1806 quanta

957 1815 1142 1868 sdamna
1174 1816 1269 1864 haec
1301 1815 1396 1864 sunt
1422 1817 1634 1877 paritura,
1669 1817 1759 1862 imo
1793 1813 2005 1862 immensis
2033 1817 2126 1862 auri
2144 1818 2410 1880 argentique
2424 1816 2516 1865 the·

986 1889 1117 1937 sauris
1149 1902 1240 1936 non
1269 1886 1536 1936 resarcienda
1572 1887 1670 1935 fore
1704 1887 2002 1946 incommoda,
2036 1890 2124 1936 imo
2158 1887 2253 1936 satis
2283 1888 2517 1938 difficulter

987 1975 1110 2011 tanto
1142 1962 1261 2010 malo
1291 1961 1532 2009 remedium
1564 1960 1681 2024 poii'e
1715 1964 1903 2009 inveniri
1935 1962 2013 2009 ubi
2045 1961 2215 2009 radices
2247 1964 2405 2027 egerit.

1050 2034 1151 2083 Hac
1182 2035 1270 2083 una
1297 2034 1345 2083 dt
1368 2034 1458 2082 sola
1478 2035 1550 2082 via
1567 2032 1757 2097 adspirat
1772 2033 1876 2083 Rex
1892 2034 1948 2081 ad
1964 2037 2089 2099 regni
2107 2034 2286 2083 caelestis
2304 2034 2516 2098 poii'eiiio-

987 2120 1110 2167 nem,
1154 2107 1421 2170 impendedo
1461 2122 1581 2156 tanto
1618 2110 1801 2173 negotio
1832 2107 2091 2167 summulam,
2123 2107 2314 2170 aliquam
2348 2111 2515 2173 argenti

989 2179 1250 2240 Peruviani,
1283 2181 1387 2228 hinc
1419 2194 1627 2229 aeternum
1661 2195 1844 2239 nomen,
1879 2180 2117 2243 Imperium
2151 2182 2257 2228 novi
2285 2179 2423 2228 Orbis
2448 2178 2516 2228 os-

987 2253 1140 2310 fertur.
1176 2253 1236 2301 Et
1269 2267 1368 2302 cum
1385 2266 1517 2301 nemo
1533 2252 1602 2312 fit,
1617 2256 1696 2316 qui
1714 2268 1796 2315 pro
1813 2253 1898 2301 hoc
1917 2255 1963 2299 in
1981 2252 2155 2317 Regem
2173 2251 2338 2300 collato
2353 2253 2515 2301 benefi-

986 2328 1061 2374 cio
1092 2339 1212 2388 petat
1239 2328 1465 2388 premium
1491 2325 1656 2385 ullum,
1690 2324 1794 2391 Ego
1822 2328 1859 2373 is
1874 2325 1992 2384 sum,
2009 2325 2131 2374 iimul
2148 2328 2278 2374 etiam
2295 2326 2516 2389 supplico,

985 2412 1035 2448 ut
1068 2397 1326 2447 felicissimis
1357 2399 1476 2448 hisce
1509 2400 1809 2461 tempor-ibae,
1827 2398 1935 2461 quid
1953 2400 2060 2446 certi
2077 2398 2343 2447 decernatur
2357 2412 2516 2461 parate

986 2471 1082 2520 sunt
1115 2486 1253 2532 naves
1284 2472 1548 2535 praeiidiatiae
1582 2471 1632 2521 dt
1667 2468 1882 2530 ParoneS‚
1915 2470 2048 2536 longa
2068 2474 2144 2519 via
2162 2472 2268 2519 mihi
2285 2472 2515 2531 obeunda,

915 2575 919 2581 ·
985 2544 1178 2607 multaq3
1212 2545 1352 2593 adhuc
1366 2564 1370 2568 ·
1385 2557 1509 2593 tanto
1540 2545 1686 2593 itineri
1720 2544 1892 2603 desunt,
1922 2546 2012 2591 imo
2038 2546 2227 2592 maxima
2244 2544 2410 2606 jactura
2426 2547 2516 2592 ani·

985 2630 1175 2677 mrum,
1208 2612 1441 2680 rerumque
1473 2617 1760 2680 spiritualium
1792 2617 1874 2666 hac
1906 2630 2030 2664 mora
2060 2617 2123 2665 fit.

1050 2690 1390 2753 Chriiiophorus
1441 2688 1707 2750 Columbus,
1752 2703 1854 2739 cum
1897 2689 2185 2752 suspicaretur
2227 2703 2395 2738 tantum
2438 2704 2515 2738 no-

2392 2777 2516 2812 ¹vum

2785 388 2816 998 wOE„=·*-'2=00.r::e

2782 1040 2807 1071 Β
