2816 3304
0 355 129 417 moje-

0 428 68 474 >bi
85 426 130 476 δι

0 515 132 565 »rgoet

0 573 132 623 Man-

0 647 39 693 ili
56 646 133 693 flu·

2 723 16 767 i
51 719 134 766 sitae

0 816 2 836 t
20 792 136 850 anae,

0 880 28 912 it
46 863 138 912 Na-

4 953 139 1000 equo—

0 1027 47 1060 to
64 1012 141 1058 du-

0 1232 145 1278 :currit

0 1318 48 1351 ta
65 1303 146 1360 est,

0 1378 92 1425 ibus
125 1377 149 1422 a

0 1465 69 1499 um
103 1463 150 1496 ut

0 1540 39 1572 es
59 1522 151 1569 istic

7 1610 152 1643 emen-

28 1670 155 1716 mini-

2 1743 157 1804 mpis‚

3 1816 158 1862 moie-

4 1890 159 1935 timue·

14 1973 161 2017 erunt,

24 2034 163 2082 flumi-

14 2109 78 2165 Ξῖ,
96 2104 165 2153 sed

33 2179 167 2228 flume‘

21 2254 165 2302 defor-

19 2328 168 2392 lingua

13 2417 42 2449 n
60 2398 169 2449 mul·

36 2562 84 2596 tu
100 2560 172 2594 ex-

33 2625 149 2670 ureis
160 2655 172 2676 ,

13 2731 42 2754 ‚
61 2693 174 2741 flori-

99 2767 176 2813 bus

400 346 480 391 bus
512 345 650 401 vires,
684 340 732 390 8z
762 342 972 390 fruetibus
996 342 1188 390 abundas
1206 358 1288 390 nec
1307 343 1425 390 deest
1444 345 1547 390 aviu
1562 345 1715 391 omnifi
1732 359 1783 390 ve
1778 347 1932 391 rietaS.

400 415 568 464 Notatu
619 416 801 480 dignum
851 414 1012 462 flumen
1063 415 1148 462 hoc
1183 431 1321 462 verno
1354 430 1551 478 tempore
1586 431 1765 477 campos
1798 414 1954 478 spatio

344 521 346 523 -
399 490 669 553 septuaginta
703 488 924 536 leucarum
960 489 1192 548 inundare,
1226 503 1316 536 non
1351 488 1470 536 secus
1496 505 1548 536 ac
1576 489 1630 537 de
1655 488 1768 537 Nilo
1790 489 1934 554 AEgy-

400 565 462 624 pti
496 576 671 609 narrant
706 559 934 619 Historiae,
970 576 1058 608 non
1088 564 1231 609 minus
1248 549 1390 609 edocti
1410 561 1642 627 Tingoefi,
1661 577 1778 610 trans
1798 563 1935 625 ipsum
1961 583 1964 586 ⁴

399 635 576 697 flumen,
614 633 662 682 &
697 636 740 680 in
776 635 932 680 vicinis
960 634 1183 680 montibus
1204 634 1396 697 degunt,
1414 635 1558 682 donec
1576 635 1747 698 refluat,
1769 635 1936 698 relapso

397 708 574 755 flumine
600 707 655 753 ad
689 721 867 767 campos
901 707 1106 764 redeunt,
1141 721 1420 768 armentaque
1454 707 1526 754 sua
1560 708 1613 755 ad
1639 709 1801 769 pabula
1829 724 1936 757 con-

397 780 537 838 sueta,
571 779 617 828 &
651 779 877 840 planitiem
905 768 1142 827 reducunt.

462 851 669 916 Tingoesi
703 852 981 899 humanitatis
1015 852 1196 916 vestigia
1225 852 1528 913 praeseferunt,
1563 854 1725 901 industi
1757 856 1811 901 ab
1834 855 1934 901 hor-

398 926 636 973 tationibus
673 924 1026 986 Samojedarum,
1061 925 1204 972 eidem
1240 924 1541 972 Gubernatori
1570 928 1611 974 se
1629 927 1935 988 subjecerunt,

399 1013 528 1060 quem
573 997 676 1044 loco
720 996 810 1044 Dei
855 997 1142 1044 honorabant.
1210 997 1318 1044 Non
1359 997 1483 1045 licuit
1518 998 1781 1062 cognoscere
1815 999 1937 1061 quod

398 1085 559 1118 numen
595 1070 660 1116 illi
695 1070 891 1117 colerent
925 1070 1149 1127 ha6tenus,
1174 1069 1309 1117 credo
1326 1072 1504 1117 evenire
1523 1070 1793 1135 negligentia
1811 1071 1937 1118 Mos-

399 1143 607 1200 chorum,
642 1157 731 1189 non
765 1142 913 1189 sedulo
947 1142 1111 1207 singula
1146 1144 1474 1203 inquirentium.

462 1215 568 1263 Non
600 1215 800 1277 profesto
834 1216 1133 1262 admirandum
1147 1251 1161 1272 ,
1195 1215 1357 1262 fretum
1391 1215 1475 1262 hoc
1497 1214 1732 1279 Waygats,
1751 1231 1935 1277 quotan-

398 1292 465 1336 nis
498 1289 640 1353 glacie
674 1287 859 1346 obstrui,
894 1304 918 1334 a
951 1301 1073 1349 parte
1109 1287 1298 1345 boreali,
1327 1302 1427 1334 cum
1456 1302 1615 1351 magna
1645 1288 1722 1334 ista
1745 1287 1936 1337 fluminae

399 1361 491 1408 Obi
524 1361 572 1410 &
607 1360 821 1422 Ieneseja,
857 1360 1027 1421 aliaque
1062 1360 1301 1421 complurae
1335 1362 1482 1407 vicina
1507 1362 1633 1408 nobis
1651 1361 1794 1409 adhuc
1813 1365 1936 1410 inco-

398 1438 540 1500 gnita,
574 1448 718 1496 tantos
751 1434 909 1497 glaciei
934 1448 1135 1490 acervos,
1161 1447 1377 1494 tantaeque
1401 1433 1685 1481 craffitudinis
1703 1449 1873 1483 montes
1892 1451 1936 1482 e-

399 1521 598 1565 vomant,
632 1519 680 1554 ut
714 1506 843 1553 fidem
878 1506 1098 1568 superent,
1137 1505 1183 1552 fit
1217 1509 1334 1552 enim
1368 1520 1696 1568 nonnumquam
1720 1510 1835 1554 veris
1854 1510 1936 1554 ini-

400 1582 481 1643 tio,
518 1594 565 1627 ut
600 1578 763 1644 glacies
798 1594 887 1639 prae
922 1578 1194 1626 crassitudine
1225 1578 1273 1626 &
1294 1577 1575 1626 multitudine
1593 1578 1689 1637 sua,
1710 1581 1755 1625 in
1773 1582 1936 1627 mariti-

400 1655 481 1700 mis
515 1652 650 1715 locis,
686 1665 799 1699 totas
834 1667 858 1697 a
892 1654 1017 1699 terris
1035 1652 1218 1712 abrfipat
1235 1651 1391 1711 sylvas,
1409 1652 1512 1698 hinc
1531 1651 1592 1698 est
1608 1652 1729 1713 quod
1747 1653 1801 1699 ad
1819 1653 1936 1700 litto-

401 1742 447 1773 ra
480 1726 582 1773 sreti
613 1724 829 1789 Waygats
857 1724 1147 1785 tanta·paffim
1177 1724 1467 1785 conspiciatur
1496 1724 1717 1788 lignorum
1741 1726 1936 1787 undique

401 1798 721 1860 confluentium
751 1800 907 1859 copia,
942 1812 1130 1859 cumque
1168 1799 1210 1842 in
1245 1796 1322 1843 illo
1352 1796 1406 1843 ad
1429 1795 1608 1843 Novam
1632 1797 1830 1845 Zemlam
1849 1798 1936 1845 fre-

401 1886 446 1919 to
476 1870 796 1919 inteniiffimum
830 1869 876 1916 sit
910 1870 1071 1934 frigus,
1106 1869 1215 1915 nihil
1238 1869 1470 1927 mirum,ss
1499 1872 1543 1916 in
1570 1869 1661 1931 ipsa
1678 1870 1782 1917 freti
1800 1886 1936 1935 angu-

401 1945 477 1992 stia
508 1959 594 1992 tam
630 1947 839 1991 immanes
873 1958 1207 2001 coacerrentur,
1231 1935 1279 1990 '81
1302 1942 1583 1990 concrescant
1600 1943 1760 2007 glaciei
1778 1944 1937 2001 moles,

401 2033 447 2066 ut
483 2021 526 2064 in
561 2018 786 2082 sexaginta
825 2031 897 2063 aut
930 2018 1158 2063 minimum
1193 2018 1512 2079 quinquaginta
1545 2015 1746 2064 ulnarum
1787 2016 1938 2064 crass'e-

402 2092 596 2140 tudinem
631 2090 898 2149 coalescant,
932 2104 979 2137 ut
1007 2089 1186 2137 dimensi
1205 2090 1300 2137 sunt
1320 2087 1499 2152 illi,qui
1518 2090 1572 2135 ab
1591 2088 1739 2138 Isaaco
1757 2089 1797 2136 le
1816 2089 1937 2137 Mai-

402 2181 447 2213 re
481 2164 707 2229 navigiolo
740 2163 930 2225 quodam
963 2179 1018 2210 eo
1051 2162 1157 2209 missi
1192 2164 1344 2209 ierant.

468 2237 556 2284 Sed
584 2237 640 2283 ad
673 2251 779 2283 rem.
817 2236 1054 2297 Suscepere
1090 2234 1267 2282 Moschi
1296 2234 1443 2296 postea
1473 2237 1555 2282 iter
1577 2235 1710 2297 paulo
1733 2235 1938 2293 ulterius,

402 2310 650 2371 superantes
685 2308 936 2370 Ienesejam,
973 2308 1045 2356 sed
1078 2308 1192 2355 resta
1227 2310 1269 2354 in
1308 2307 1566 2366 Orientem,
1601 2323 1689 2355 non
1706 2307 1938 2355 defleffioen-

362 2431 369 2437 ,
403 2397 466 2430 tes
501 2381 708 2440 Austrum
738 2382 906 2440 versus,
930 2382 1166 2429 comitibus
1184 2380 1455 2444 Tingoefijs‚
1473 2395 1530 2427 ex
1547 2382 1707 2443 quibus
1724 2381 1938 2429 didicerat

404 2456 654 2517 complures
685 2469 838 2520 gentes
873 2457 1139 2519 incognitas,
1173 2453 1367 2500 habitare
1402 2453 1648 2501 Australem
1672 2468 1865 2516 partem,
1889 2453 1937 2501 8z

405 2527 554 2592 Reges
590 2544 743 2576 eorum
778 2542 991 2589 perpetua
1024 2530 1136 2574 inter
1158 2528 1212 2575 ›se
1235 2527 1351 2574 bella
1367 2542 1543 2591 gerere,
1561 2527 1633 2575 sed
1650 2542 1752 2576 cum
1770 2527 1937 2589 aliquot

404 2601 497 2648 dies
532 2604 614 2649 iter
641 2600 839 2649 fecissent
866 2601 951 2648 fine
986 2600 1152 2663 swein,
1189 2600 1244 2646 ad
1277 2600 1374 2647 suos
1407 2600 1593 2647 rediere.
1613 2598 1857 2663 Tingoefijs
1876 2613 1938 2646 ta-

406 2688 504 2721 men
540 2677 583 2721 in
618 2674 832 2721 mandatis
864 2672 1047 2732 dedere,
1081 2686 1128 2720 ut
1162 2674 1354 2734 penitius
1387 2672 1485 2720 illos
1519 2675 1676 2720 trastus
1709 2671 1938 2719 lustrarent

1307 2744 1350 2792 E
1701 2746 1938 2793 amicitiam
