2824 3304
957 368 1227 425 fruerentur,
1261 366 1418 428 eosque
1455 382 1534 427 pro
1569 366 1697 413 libitu
1731 369 1775 412 in
1794 366 1988 414 haeredes
2011 365 2287 423 transferent,
2306 365 2489 426 &quod

955 443 1192 487 maximum
1227 442 1439 486 immunes
1474 439 1604 486 ess'ent
1638 441 1696 486 ob
1729 442 1851 486 omni
1885 441 2050 486 tributo
2084 441 2129 485 in
2171 439 2408 500 perpetuu,
2433 439 2488 486 stc

956 512 1164 575 paulatim
1199 515 1337 559 crevit
1371 527 1523 559 eorum
1557 512 1759 567 fortuna,
1795 528 1842 559 ut
1876 514 2006 560 etiam
2029 512 2191 559 fiforte
2210 512 2407 572 hyberno
2427 517 2490 558 [ὂ-

956 602 1064 648 pore
1099 589 1143 632 in
1161 587 1270 633 urba
1287 584 1475 632 Moscufi
1493 584 1624 632 essent
1637 621 1651 643 ,
1669 601 1744 632 eos
1762 585 1833 633 sua
1851 586 1944 633 rehi
1965 585 2090 644 iussit,
2115 585 2236 647 quod
2252 587 2489 632 maximum

956 659 1018 707 est
1050 659 1229 705 honoris
1263 673 1423 722 genus,
1448 658 1475 704 fi
1505 658 1726 705 deferaur
1751 674 1776 704 a
1800 658 2087 743 Magnatibus
2112 657 2253 718 qualis
2271 658 2344 704 hie
2366 656 2490 704 Boris

956 746 1068 789 erat,
1115 747 1250 793 penes
1294 747 1396 779 eum
1442 734 1559 778 enim
1601 734 1733 778 totius
1779 734 1903 795 regni
1939 732 2191 793 Imperium.
2260 729 2352 777 Vbi
2386 746 2491 778 vero

956 804 1121 868 singula
1154 803 1446 865 prependisset
1482 803 1739 865 Imperatori
1776 819 1866 850 rem
1902 818 2036 851 totam
2071 806 2260 865 aperuit,
2297 806 2370 850 cui
2390 805 2491 865 neq‘,

956 877 1197 938 displicuit,
1235 880 1322 924 imo
1357 880 1549 923 maximo
1573 877 1782 938 deinceps
1811 877 1978 924 honore
2008 877 2123 925 hunc
2161 876 2393 923 BORIS
2429 877 2491 923 af-

956 951 1086 1008 fecit,
1121 952 1251 1011 eique
1286 964 1426 997 totum
1461 950 1545 996 hoc
1581 952 1807 1012 negotium
1842 950 2075 997 commifit:
2114 950 2195 996 Ille
2224 965 2314 996 non
2333 949 2491 1013 segnis,

958 1023 1139 1071 Ducum
1173 1026 1577 1087 magnanimorum,
1613 1023 1662 1070 &
1692 1025 1904 1070 tenuioris
1939 1023 2113 1071 fortune
2144 1022 2378 1070 Nobilium
2396 1025 2492 1084 qui-

958 1099 1040 1144 bus
1074 1097 1270 1153 favebat,
1303 1096 1439 1158 opera
1463 1095 1523 1142 est
1541 1095 1659 1152 usUS,
1678 1096 1947 1156 jubebatque
1966 1110 2012 1142 ut
2030 1112 2105 1143 eos
2125 1098 2291 1142 itineris
2311 1098 2492 1142 comites

958 1170 1035 1216 fibi
1070 1169 1372 1227 adsciscerent,
1406 1185 1516 1230 quos
1551 1168 1791 1228 Anicouvij
1835 1169 2147 1232 adjungerent,
2183 1168 2492 1229 splendideque

959 1243 999 1289 se
1033 1242 1238 1289 vestirent
1272 1258 1393 1289 more
1430 1241 1724 1304 Legatorum,
1760 1241 1971 1302 adjunctis
2006 1241 2177 1302 insuper
2197 1241 2364 1302 aliquot
2382 1240 2493 1286 mili-

960 1317 1097 1373 tibus,
1132 1315 1469 1376 muneribusque
1504 1317 1654 1378 exigui
1688 1314 1844 1375 pretij,
1875 1330 1973 1374 quae
1990 1315 2194 1376 gentibus
2212 1314 2493 1377 largirentur,

960 1403 1066 1449 quas
1101 1388 1382 1445 accederent,
1419 1388 1552 1448 ijsque
1581 1388 1666 1434 hoc
1696 1391 1740 1434 in
1759 1388 1972 1434 mandatis
1989 1387 2135 1444 dedit,
2155 1401 2201 1434 ut
2218 1379 2370 1434 omne’s
2388 1386 2494 1433 Vias

962 1461 1177 1523 publicas,
1196 1461 1267 1507 vel
1286 1461 1469 1524 Regias,
1488 1460 1708 1519 Flumina,
1732 1461 1901 1520 Sylvas,
1921 1461 1969 1509 &
1987 1460 2079 1507 loca
2101 1460 2266 1523 singula
2278 1475 2494 1517 notarent,

959 1536 1090 1580 etiam
1126 1533 1214 1594 ipsa
1247 1536 1446 1592 nomina,
1477 1548 1524 1581 ut
1559 1534 1654 1595 post
1687 1534 1875 1581 reditum
1904 1535 1959 1581 de
1977 1534 2154 1598 singulis
2173 1537 2384 1581 rationem
2403 1533 2504 1595 pos-¹

959 1607 1049 1654 sent
1084 1607 1266 1654 reddere
1303 1622 1387 1654 nec
1423 1610 1651 1654 immemor
1684 1608 1812 1669 hujus
1835 1608 2026 1654 mandati
2050 1607 2162 1665 fuit,
2182 1621 2226 1654 ut
2250 1607 2496 1653 humaniter

960 1694 1112 1744 gentes
1149 1680 1245 1725 istas
1280 1682 1534 1739 tractarent,
1570 1684 1754 1728 comiter
1789 1684 2063 1742 exciperent,
2088 1682 2255 1727 interea
2278 1694 2421 1726 tamen
2441 1680 2495 1725 de

962 1752 1305 1800 commodissimo
1339 1753 1442 1800 loco
1476 1753 1736 1814 despiceret,
1772 1755 1848 1800 ubi
1873 1754 1994 1811 Arx,
2024 1767 2095 1800 aut
2114 1752 2496 1816 propugnaculum

963 1825 1184 1887 quoddam
1219 1826 1380 1873 exstrui
1415 1826 1575 1887 posset,
1612 1829 1700 1874 imo
1728 1827 1756 1872 fi
1788 1826 1879 1873 fieri
1899 1826 2053 1887 poss'et,
2073 1840 2120 1873 ut
2141 1826 2305 1872 incolas
2326 1825 2496 1872 istarum

962 1901 1194 1962 regionum
1230 1901 1272 1945 in
1308 1898 1585 1946 Moscoviam
1621 1901 1706 1946 una
1738 1899 1882 1946 secum
1918 1899 2198 1946 adduterent.

1028 1970 1187 2034 Legati
1205 1970 1266 2028 hi,
1284 1971 1490 2028 vestibus,
1508 1974 1657 2029 armis,
1680 1972 1883 2033 pecunia,
1903 1971 2110 2031 donarijs,
2128 1971 2414 2032 omnibusque
2433 1986 2498 2017 re-

963 2044 1044 2089 bus
1079 2043 1133 2089 ad
1168 2046 1250 2089 iter
1285 2042 1530 2104 necessarijs
1550 2043 1760 2101 instrueti,
1781 2044 1996 2091 Moschua
2013 2043 2259 2101 discedunt,
2280 2042 2499 2107 VVitsog-

965 2116 1063 2162 dam
1098 2116 1247 2177 postea
1281 2117 1398 2177 apud
1434 2117 1709 2163 Anicouvios
1743 2117 1987 2173 devenere,
2010 2119 2085 2178 qui
2101 2117 2189 2178 jam
2209 2116 2412 2164 &socios
2433 2118 2498 2162 iti-

964 2191 1080 2235 neris
1115 2189 1373 2247 destinarat,
1409 2204 1495 2236 una
1524 2189 1572 2238 &
1602 2191 1765 2236 amicos
1783 2189 2044 2247 nonnullos,
2063 2205 2304 2250 eorumque
2324 2190 2497 2236 liberos

964 2259 1055 2306 Vbi
1073 2277 1127 2308 eo
1146 2261 1386 2309 deventum
1405 2262 1481 2309 fiut
1494 2298 1508 2319 ,
1537 2276 1742 2325 egerunt,
1767 2261 1916 2308 sedulo
1936 2263 2224 2323 inquirenteS,
2243 2263 2298 2309 de
2317 2264 2498 2324 optima-

965 2335 1105 2390 tibus,
1141 2335 1301 2395 quibus
1336 2337 1574 2382 maximum
1608 2335 1821 2382 honorem
1855 2336 2174 2393 exhibuerunt,
2203 2335 2248 2384 &
2272 2335 2500 2383 munuscu-

966 2407 1008 2453 la
1041 2407 1317 2466 obtulerunt,
1351 2424 1449 2470 quae
1474 2408 1570 2470 ipsis
1589 2409 1851 2455 videbantur
1867 2410 2044 2455 maximi
2063 2408 2224 2455 valoris
2236 2445 2249 2466 ,
2268 2425 2366 2470 quae
2384 2411 2501 2455 tanta

964 2483 1106 2545 gratia
1119 2481 1237 2542 apud
1254 2498 1270 2528 ε
1285 2496 1428 2528 ’(ῑετοε
1446 2498 1673 2543 peperere,
1692 2497 1739 2529 ut
1759 2481 1985 2540 Moscho's,
1997 2483 2272 2539 occurretes,
2286 2481 2500 2543 plausibus

966 2551 1013 2602 &
1031 2553 1296 2601 clamoribus
1313 2556 1585 2616 exciperent,
1604 2555 1658 2601 ad
1674 2555 1809 2616 pedes
1827 2570 1980 2603 eorum
1997 2555 2037 2602 se
2056 2555 2319 2615 abijcerent,
2339 2557 2426 2601 imo
2443 2555 2500 2601 ob

967 2626 1134 2673 cultum
1170 2640 1256 2673 tam
1291 2626 1565 2688 splendidum
1599 2643 1681 2689 pro
1714 2628 1798 2688 dijs
1832 2644 1908 2675 eos
1943 2628 2167 2675 haberent.
2204 2628 2377 2676 Interea
2405 2627 2500 2674 data

967 2699 1222 2757 occasione,
1252 2715 1423 2761 caepere
1449 2699 1625 2747 Moschi
1646 2702 1958 2761 interpretibus
1975 2700 2032 2748 us1
2054 2700 2318 2778 Samojedis,
2338 2700 2500 2784 aliquot

2381 2774 2501 2820 annis
