2816 3352
1544 324 1784 388 Exemplar
1817 325 1957 374 libelli

986 400 1246 448 Coemiteria
1279 400 1377 463 ipfis
1409 398 1524 458 sunt,
1546 397 1592 448 &
1615 398 1714 447 loca
1736 399 1942 461 precibus
1958 398 2120 446 dicata:
2140 396 2271 446 Horti
2290 401 2334 445 in
2353 398 2520 446 areolas

986 472 1032 523 ἀ
1065 472 1274 536 pulvillos
1307 471 1491 534 pulchre
1523 470 1734 520 distincti:
1759 470 1965 519 Maximo
1988 470 2191 525 usuisunt
2209 472 2308 534 ipsis
2325 470 2521 519 cochleae

985 543 1335 611 margaritiferae,
1352 559 1408 593 ex
1424 546 1583 607 quibus
1600 560 1781 604 cuneos,
1798 544 1977 607 scalpra,
1988 544 2136 603 serraS‚
2149 544 2336 610 ligone&
2348 544 2519 606 aliaque

986 619 1080 680 eJus
1112 620 1286 683 generis
1320 616 1603 665 instrumenta
1633 617 1846 677 formant,
1879 619 2010 664 etiam
2043 615 2262 679 spherulas
2296 616 2415 664 collo
2445 631 2519 679 ap-

987 691 1260 753 pendendas:
1294 689 1472 738 Habent
1507 689 1688 739 insulani
1723 689 1947 738 naviculas
1980 689 2159 737 adfabre
2189 688 2447 748 elaboratas,
2469 688 2515 739 δι

986 765 1186 826 traiectui
1226 762 1607 821 commodissima83
1645 776 1816 811 certum
1852 775 2156 827 argumentum
2190 761 2288 825 ipfis
2318 777 2341 796 ν
2372 764 2518 810 rjones

986 834 1067 884 effe
1100 838 1260 885 vicinis
1292 837 1431 901 magis
1463 834 1680 883 excultas:
1705 844 1789 883 nec
1807 835 1924 884 vanfi
1940 835 2152 883 indicium
2169 834 2291 897 quod
2306 848 2455 882 verres
2471 832 2517 883 &

985 909 1125 974 gallos
1157 908 1425 975 gallinaceos
1458 907 1657 956 castrent.

1051 981 1192 1030 Panes
1225 997 1282 1030 ex
1314 980 1481 1043 triplici
1509 981 1706 1030 radicum
1723 996 1885 1047 genere
1903 980 2163 1040 conficiunt,
2180 995 2365 1043 quarum
2381 982 2518 1028 maxi-

986 1070 1056 1102 ma
1089 1055 1151 1102 ibi
1185 1056 1335 1117 copia,
1369 1055 1635 1116 proveniunt
1668 1056 1787 1102 enim
1805 1051 1986 1116 injuss'ae,
2003 1053 2157 1115 easque
2174 1066 2362 1112 torrent,
2380 1051 2427 1102 &
2443 1067 2517 1100 co-

986 1140 1127 1190 quunt
1143 1126 1288 1192 gustui
1304 1126 1400 1174 sunt
1415 1139 1650 1191 pergratae,
1668 1125 1878 1185 salubreS,
1894 1126 2020 1174 multi
2037 1125 2168 1186 succi,
2185 1126 2420 1173 diuturnae:
2440 1127 2518 1173 no-

986 1199 1119 1249 nullae
1158 1199 1480 1265 longitudinem
1518 1202 1647 1248 unius
1684 1199 1801 1248 ulnae
1833 1198 2054 1262 superant,
2092 1198 2363 1247 crassitudine
2397 1197 2519 1245 semi-

986 1272 1148 1321 ulnam.
1190 1270 1376 1321 Fructus
1407 1272 1502 1334 ejus
1536 1285 1698 1321 tractus
1731 1272 2041 1334 quamplurimi
2074 1269 2120 1321 δι
2150 1272 2326 1334 optimi:
2348 1269 2518 1318 Platani

985 1344 1079 1393 sunt
1101 1344 1380 1407 sectuplices‚
1402 1343 1639 1408 Amygdali
1656 1344 1982 1406 quadruplices:
2002 1343 2279 1409 praegrandes
2297 1342 2410 1402 Obi,
2427 1342 2518 1391 fru-

984 1420 1075 1466 t‘tus
1108 1418 1308 1466 cotoneis
1341 1415 1465 1464 malis
1487 1416 1749 1464 nostratibus
1776 1416 2078 1481 magnitudine
2105 1414 2150 1465 &
2177 1414 2327 1477 sapore
2351 1421 2410 1463 n6
2437 1415 2517 1463 dis-

983 1489 1161 1539 ssmiles:
1195 1505 1332 1538 nuces
1366 1491 1622 1538 innumerae:
1657 1489 1772 1537 mala
1787 1490 1979 1549 medica,
1996 1488 2043 1539 δι
2061 1490 2216 1548 citrea,
2234 1489 2393 1551 quibus
2413 1488 2517 1536 Bar·

984 1564 1079 1610 bari
1112 1577 1203 1611 non
1235 1562 1487 1621 vescuntur,
1511 1561 1673 1625 alijque
1691 1577 1782 1610 non
1797 1564 1941 1610 minus
1957 1561 2126 1622 suaves,
2149 1577 2281 1625 quam
2298 1576 2516 1626 praegran-

985 1636 1061 1683 des
1094 1635 1281 1684 fructus:
1311 1634 1458 1684 multae
1481 1634 1674 1697 insuper,
1697 1650 1781 1684 nec
1802 1637 1945 1682 minus
1968 1633 2111 1683 crassae
2134 1634 2390 1682 arrundines
2414 1634 2516 1682 Sac-

984 1709 1123 1756 chari:
1158 1723 1241 1757 nec
1274 1722 1406 1770 poma
1437 1707 1645 1756 nostratia
1666 1708 1764 1771 ipsis
1785 1707 1957 1767 desunt,
1981 1708 2209 1757 immensus
2229 1707 2326 1771 ipsis
2343 1720 2409 1755 est
2426 1706 2516 1769 pal-

983 1795 1151 1829 marum
1200 1795 1427 1840 numerus,
1476 1795 1533 1828 ex
1567 1782 1729 1844 quibus
1768 1780 1868 1828 TV
1882 1781 1917 1828 B
1931 1782 1974 1829 A
2007 1795 2262 1844 extempore
2290 1781 2515 1843 depromi-

983 1867 1073 1912 tur,
1097 1852 1195 1915 ipfis
1213 1853 1316 1901 loco
1331 1855 1423 1900 vini
1440 1852 1503 1901 est
1520 1852 1677 1912 Acoti,
1695 1852 1876 1914 Mollis,
1893 1852 1938 1902 δι
1957 1853 2075 1913 Seri,
2091 1853 2240 1903 nuclei
2257 1856 2298 1902 ei
2316 1853 2412 1902 sunt
2427 1853 2516 1902 sua-

982 1924 1156 1985 vissimi,
1190 1924 1302 1988 ipsos
1335 1925 1505 1975 fructus
1538 1942 1672 1975 cocos
1707 1926 1806 1974 Indi
1838 1929 2086 1986 nominant,
2123 1942 2225 1975 cum
2257 1929 2402 1975 virent
2423 1926 2516 1975 sunt

982 1998 1081 2060 ipsis
1115 1998 1218 2046 loco
1251 1996 1551 2058 Carduorum,
1583 1998 1673 2062 ipsa
1704 1998 1897 2046 medulla
1918 2013 2159 2047 cremorem
2177 1999 2302 2048 lactis
2319 2014 2433 2063 pene
2451 2015 2517 2048 re·

982 2070 1069 2119 fert
1102 2071 1180 2119 ubi
1212 2073 1522 2130 maturuerint,
1554 2071 1669 2119 terra
1703 2086 1754 2119 ac
1787 2073 1896 2119 mari
1930 2071 2029 2134 ipfis
2050 2072 2174 2121 cibus
2190 2071 2237 2122 δι
2254 2086 2383 2135 potus
2400 2072 2514 2132 sunt,
2587 2065 2590 2071 ’

981 2145 1089 2191 vieti
1112 2143 1215 2191 oleo
1234 2142 1385 2203 stillat,
1408 2143 1583 2206 lijchnis
1606 2144 1844 2207 apriffim0‚
1867 2143 1912 2194 &
1928 2141 2183 2194 vulneribus
2200 2145 2263 2193 est
2280 2144 2412 2214 instar
2422 2144 2516 2192 bal-

981 2215 1098 2264 sami.
1137 2215 1209 2263 Ex
1247 2218 1486 2265 corticibus
1530 2230 1791 2266 tenenorum
1824 2217 2049 2274 fructuum
2081 2217 2304 2283 lagenulas
2336 2217 2516 2266 confici-

981 2303 1081 2348 unt,
1115 2289 1290 2352 ejusque
1323 2291 1498 2355 generis
1527 2289 1700 2340 vascula
1730 2293 1897 2349 omnia,
1932 2292 2160 2339 interiores
2181 2305 2290 2339 vero
2307 2292 2514 2349 cortica,

981 2361 1169 2424 stuppae,
1207 2361 1280 2409 vel
1312 2362 1459 2411 musco
1491 2365 1591 2411 vice
1625 2362 1742 2422 sunt,
1780 2365 1957 2411 navium
1998 2362 2281 2411 commiss'uris
2314 2363 2514 2412 ferrumi-
2559 2391 2561 2393 -

980 2435 1157 2493 nandiS‚
1189 2434 1384 2497 fiuntque
1416 2450 1473 2483 ex
1507 2436 1604 2498 ipfis
1637 2436 1864 2496 rudentes,
1891 2436 2020 2484 funes
2037 2438 2201 2485 nautici
2218 2438 2432 2495 minores,
2449 2451 2514 2484 re-

980 2507 1084 2566 steS,
1116 2506 1325 2569 elijchnia
1355 2508 1656 2558 bombardica:
1686 2524 1742 2557 ex
1763 2509 2085 2572 prestantiffima
2105 2509 2286 2558 frondiu
2302 2523 2425 2572 parte
2441 2524 2514 2557 ve-

979 2579 1022 2627 la
1054 2579 1309 2642 scapharum
1341 2578 1387 2629 &
1419 2580 1616 2630 lintrium
1643 2595 1963 2645 contexuntur,
1992 2582 2243 2631 tenuissimae
2264 2581 2435 2640 storeae,
2452 2594 2513 2629 te·
2590 2582 2591 2585 ’

978 2652 1096 2718 gulae
1133 2656 1267 2702 etiam
1283 2653 1292 2660 ‘
1308 2655 1466 2716 quibus
1504 2655 1619 2704 aedes
1652 2655 1761 2703 foris
1795 2654 1993 2718 intusque
2026 2657 2288 2714 miniuntur,
2327 2653 2512 2717 praelon-
2545 2663 2547 2666 “

976 2726 1048 2789 gis
1080 2741 1204 2776 ereet
1237 2726 1356 2790 isque
1390 2728 1595 2776 arborum
1628 2727 1846 2790 stipitibus
1879 2730 2166 2794 contignatae:
2205 2742 2263 2776 ex
2294 2727 2348 2789 ijs
2382 2729 2511 2775 etiam

1644 2829 1647 2833 ,
2406 2799 2513 2848 fiunt
