2816 3304
956 371 1035 419 bus
1062 369 1243 431 scopum
1278 368 1516 426 feriebant,
1551 368 1672 430 quod
1704 368 2012 430 spectatoribus
2047 370 2261 417 miraculo
2301 370 2423 428 fuit,
2458 371 2502 421 &

968 443 1259 491 admirationi.

1021 516 1086 563 Ita
1124 516 1148 563 ὲ
1182 517 1402 563 contrario
1436 515 1477 561 hi
1517 514 1762 575 Samojodae
1790 516 2059 563 mirabantur
2088 529 2187 562 cum
2206 530 2350 563 mores
2373 515 2418 564 &
2438 520 2500 563 vi·

957 604 1044 638 tam
1080 588 1392 645 Moschorum,
1427 602 1521 636 tum
1549 587 1594 638 δι
1628 590 1749 636 urbis
1774 588 1977 636 Moscuae
2000 587 2295 649 splendorem,
2314 588 2386 635 sed
2409 604 2500 636 non

956 662 1041 710 fine
1081 662 1262 709 horrore
1302 662 1582 709 intuebantur
1623 661 1759 722 ipsum
1802 660 2136 722 Imperatorem,
2171 663 2231 708 ita
2263 660 2498 722 splendide

960 734 1182 791 vestitum,
1208 733 1234 780 ss
1258 747 1331 781 aut
1353 748 1469 795 equo
1498 733 1752 791 veheretur,
1770 733 1842 781 vel
1862 733 2035 795 lectica,
2057 748 2081 779 a
2099 733 2247 781 multis
2264 736 2391 795 equis
2413 748 2498 782 tra-

960 807 1160 864 heretur,
1200 806 1546 867 quamplurimus
1584 806 1808 854 nobilibus
1849 821 1937 853 non
1977 808 2121 854 minus
2163 806 2389 868 splendide
2430 823 2498 855 or-

959 882 1071 928 natis
1103 882 1355 943 cingeretur
1387 877 1643 927 satellitibus
1677 878 1998 941 quadringetis,
2023 882 2152 925 armis
2181 879 2265 926 suis
2285 879 2497 927 instructis

959 952 1139 1014 publice
1183 952 1511 1009 observeretur,
1556 950 1841 998 nihilominus
1889 951 2038 999 sonum
2078 966 2387 1012 campanarum
2428 954 2498 1000 ad-

959 1027 1249 1083 mirabantur,
1273 1039 1457 1086 quarum
1481 1026 1525 1071 in
1555 1021 1665 1073 u'rbe
1695 1024 1884 1074 Moscua
1907 1025 2008 1071 infir.
2042 1041 2100 1072 2us
2118 1040 2346 1082 numeruS,
2366 1028 2496 1073 etiam

958 1097 1311 1147 luculentissimas
1344 1097 1537 1145 officinas
1571 1097 1771 1159 publicas
1806 1099 1948 1156 urbis,
1987 1100 2076 1144 imo
2111 1097 2265 1146 fastum
2290 1097 2336 1146 &
2360 1098 2498 1159 splen-

957 1172 1110 1220 dorem
1144 1173 1277 1219 totius
1311 1172 1527 1228 civitatis,
1561 1185 1609 1217 ut
1646 1172 1690 1217 in
1727 1169 1929 1217 Deorum
1953 1171 2132 1218 thronos
2155 1170 2195 1219 se
2214 1170 2403 1218 sublatos
2421 1171 2497 1219 sus-

956 1247 1225 1306 picarentur,
1262 1257 1305 1291 at
1334 1243 1417 1291 hoc
1436 1258 1572 1290 unum
1590 1258 1683 1291 erat
1703 1247 1746 1289 in
1765 1246 1902 1300 votis,
1920 1258 1966 1291 ut
1984 1244 2272 1305 popularibus
2291 1243 2374 1291 suis
2394 1244 2496 1292 lice-

956 1331 1023 1366 ret
1059 1316 1225 1374 adesse,
1254 1316 1398 1378 eisque
1423 1331 1568 1363 rerum
1592 1316 1777 1364 visarum
1803 1315 2041 1363 Historiam
2059 1331 2253 1373 narrare,
2272 1319 2379 1377 quin
2399 1318 2496 1364 bea-

956 1405 1022 1440 tos
1061 1390 1101 1437 se
1137 1390 1452 1451 praedicabant,
1485 1389 1515 1436 st
1549 1403 1672 1437 tanto
1708 1377 1965 1457 Imperatori
1991 1389 2036 1436 se
2066 1388 2233 1450 possent
2255 1389 2495 1451 subjicere,

957 1478 1089 1525 quem
1124 1463 1252 1524 plane
1287 1477 1369 1524 pro
1404 1461 1506 1510 Deo
1533 1463 1723 1524 quodam
1747 1463 1978 1510 habebant.
2000 1462 2140 1510 Cibos
2159 1464 2183 1509 a
2204 1462 2404 1510 Moschis
2421 1479 2494 1525 ap-

955 1536 1115 1598 positos
1149 1536 1274 1583 avide
1309 1536 1619 1593 comedebant,
1648 1538 1861 1600 gratiores
1884 1539 2001 1584 enim
2024 1536 2170 1598 palato
2195 1551 2349 1583 eorum
2373 1551 2494 1584 erant

956 1609 1161 1657 carnibus
1195 1608 1363 1665 crudiS,
1390 1608 1549 1669 quibus
1569 1610 1613 1654 in
1632 1609 1771 1668 patria
1789 1608 2038 1671 vescuntur,
2060 1623 2131 1656 aut
2149 1608 2341 1669 piscibus
2360 1623 2496 1657 vento

957 1681 1123 1729 duratis
1156 1680 1202 1730 ἃ
1234 1683 1406 1729 merit0.

1020 1754 1221 1803 Tandem
1254 1770 1311 1801 eo
1342 1754 1546 1812 devenit,
1582 1768 1631 1802 ut
1668 1754 1979 1816 Imperatorem
2010 1757 2056 1800 in
2086 1752 2341 1815 Principem
2375 1753 2494 1801 suum

955 1827 1222 1890 delegerint,
1255 1828 1386 1873 etiam
1414 1827 1650 1888 populares
1668 1827 1802 1891 longe
1826 1827 1951 1888 lateq.
1979 1825 2186 1884 diffusos,
2205 1826 2259 1874 ad
2278 1827 2394 1873 idem
2413 1827 2494 1874 foe-

955 1900 1035 1948 dus
1066 1900 1338 1957 induxerint,
1372 1914 1560 1961 eumque
1584 1899 1800 1961 supplices
1825 1914 2059 1963 rogarunt,
2078 1915 2124 1947 ut
2141 1899 2399 1964 dignaretur
2418 1897 2491 1947 eos

955 1988 1012 2020 eo
1043 1973 1232 2030 honore,
1267 1986 1315 2020 ut
1349 1971 1681 2020 Gubernatores
1715 1972 1952 2019 nonnullos
1974 1975 2187 2030 mitteret,
2207 1988 2231 2021 a
2248 1974 2409 2034 quibus
2428 1987 2492 2019 re-

956 2058 1187 2109 gerentur,
1220 2044 1462 2107 quibusque
1496 2046 1660 2092 tributa
1694 2045 1896 2107 praedifia
1930 2045 2239 2107 persolverent.

1021 2116 1095 2164 De
1131 2117 1377 2165 idololatria
1410 2117 1539 2166 istarfi
1571 2121 1796 2183 gentium,
1814 2118 1934 2167 nulla
1950 2120 2136 2176 mentio,
2154 2117 2227 2166 sed
2244 2133 2335 2165 non
2353 2117 2492 2166 subla-

957 2205 1000 2238 ta
1033 2190 1121 2248 est,
1155 2206 1244 2239 non
1276 2191 1431 2239 dubito
1465 2205 1610 2239 tamen
1647 2191 1936 2238 Christianam
1966 2191 2096 2239 fidem
2124 2191 2241 2252 apud
2263 2207 2339 2238 eos
2362 2190 2492 2239 facile

958 2263 1075 2326 posse
1110 2266 1363 2328 propagari,
1380 2264 1409 2310 fi
1427 2264 1561 2312 modo
1581 2264 1728 2313 idonei
1747 2265 1844 2312 satis
1856 2300 1870 2318 ,
1887 2263 2137 2314 &maxime
2156 2264 2217 2325 pij
2238 2265 2364 2310 verbi
2383 2264 2492 2310 divi-

957 2339 1003 2384 ni
1037 2352 1262 2399 praecones
1296 2337 1352 2386 eo
1385 2339 1688 2396 mitterentur,
1721 2337 1843 2399 quod
1859 2353 1969 2398 opus
1987 2337 2175 2386 maxime
2195 2336 2490 2386 Christianum

957 2424 1047 2457 non
1084 2411 1413 2468 intermittetur,
1446 2411 1523 2457 ubi
1557 2408 1687 2457 Mars
1720 2411 1776 2457 ab
1811 2409 1907 2471 ipfis
1935 2410 2192 2460 exulaverit.

1021 2481 1158 2532 Hisce
1189 2483 1392 2530 omnibus
1427 2484 1486 2529 ita
1513 2482 1729 2532 transastis
1759 2483 2021 2544 Anicouvij,
2039 2484 2093 2531 ad
2109 2498 2290 2548 magnas
2306 2483 2491 2547 dignita·

956 2568 1022 2605 tes
1051 2553 1362 2613 ascenderunt,
1388 2569 1635 2619 magnaque
1663 2555 1810 2617 paffim
1834 2557 2104 2606 immunitate
2132 2559 2240 2618 quin
2268 2555 2317 2606 δί
2351 2554 2490 2617 Impe-

956 2631 1026 2678 rio
1058 2630 1104 2676 in
1133 2627 1328 2676 finitimis
1361 2630 1487 2676 terris
1513 2628 1691 2687 donati,
1720 2625 1952 2678 latifundia
1969 2632 2101 2679 centii
2126 2632 2239 2678 inter
2255 2629 2296 2677 se
2314 2628 2490 2676 miliari·

956 2702 1038 2752 bus
1071 2700 1230 2764 diluta,
1267 2700 1322 2748 ad
1354 2700 1511 2749 fluvios
1544 2700 1746 2759 D'unam,
1768 2700 2093 2766 VVitsogdam,
2113 2700 2160 2752 δι
2181 2702 2399 2751 Soehnam
2417 2716 2489 2763 pa-

2364 2773 2487 2822 cifice
