2816 3304
1513 289 1752 352 Exemplar
1786 290 1924 338 libelli

957 362 1157 427 quidem,
1191 378 1265 412 aut
1298 363 1502 412 alvahaca
1533 363 1795 411 defideratiS.
1834 361 1953 412 Hinc
1971 377 2094 412 certo
2111 363 2402 413 conclussmus
2419 367 2490 413 ae·
2786 364 2813 411 fi

958 452 1050 487 rem
1097 439 1288 503 regionis
1331 435 1414 484 ess'e
1448 434 1747 494 suavissimam‚
1789 435 2008 498 ipsamque
2042 435 2257 484 Naturam
2292 439 2489 485 omnium
2636 462 2649 476 ι.
2786 437 2814 482 b

957 510 1154 559 Matrem
1187 511 1396 572 optimam
1430 509 1491 556 ibi
1524 509 1691 556 servare
1725 512 2019 570 temperiem:
2039 507 2196 557 Portus
2231 509 2276 556 hi
2305 506 2352 558 &
2381 509 2492 558 {inus
2785 507 2816 556 st

956 599 1012 632 eo
1056 585 1185 631 etiam
1229 583 1406 630 nomine
1451 580 1832 638 commendantur,
1875 580 1997 644 quod
2035 579 2382 642 praestantissimis
2427 583 2492 629 in·
2785 581 2816 628 st

958 655 1060 705 sulis
1094 654 1281 717 adjuncti
1313 653 1428 712 sunt,
1461 655 1696 716 presertim
1725 653 1908 716 septem,
1924 635 1980 702 de
1999 655 2158 717 quibus
2175 653 2313 712 fama,
2331 654 2372 703 se
2390 669 2492 716 por-
2784 654 2816 701 b:

956 730 1121 793 rigere,
1153 727 1208 775 ad
1241 726 1477 775 deucentas
1510 725 1678 785 leucas,
1712 740 1835 774 certo
1868 727 1997 775 nobis
2024 725 2190 774 constat
2207 740 2345 774 unum
2361 729 2489 789 quin·
2782 729 2816 773 vi

955 801 1164 864 quaginta
1208 798 1355 848 leucas
1399 799 1631 861 compleffl
1678 800 1844 847 ambitu
1888 802 1991 858 su0,
2033 799 2346 848 duodecimum
2385 814 2492 848 vero
2782 799 2816 845 b]

956 872 1095 921 leucis
1128 873 1183 920 ab
1217 871 1309 934 ipso
1341 885 1473 935 portu
1505 871 1637 920 abest.
1663 870 1724 920 Vt
1743 871 1941 920 illustrissl
1960 871 2062 919 Rex
2080 886 2171 920 uno
2187 873 2328 920 verbo
2344 874 2493 921 omnia
2781 870 2816 918 sa

955 943 1234 1007 complectar.
1270 942 1371 993 Hoc
1405 946 1451 991 in
1484 944 1574 993 smu
1606 943 1653 995 &
1685 958 1818 1006 portu
1839 944 1915 993 sub
1940 949 2013 1007 15}
2028 944 2243 1009 graduum
2262 943 2491 994 altitudine
2780 945 2816 990 in

956 1017 1097 1065 statim
1141 1015 1493 1080 splendidissima,
1536 1016 1583 1067 δι
1627 1016 1942 1080 populofiffima
1969 1016 2104 1066 -Vrbs
2148 1017 2275 1066 statui
2325 1018 2492 1080 potest,
2779 1031 2816 1063 c<

955 1105 1108 1139 omnes
1146 1092 1277 1139 etiam
1315 1089 1472 1138 incolae
1509 1089 1777 1152 optatissimis
1810 1091 1994 1152 opibus,
2027 1089 2074 1140 δι
2107 1089 2493 1139 commoditatibus
2778 1103 2816 1152 gl

955 1163 1229 1228 gaudebunt,
1268 1161 1422 1225 easque
1462 1163 1847 1210 communicabunt
1883 1162 2129 1224 Provincijs
2165 1162 2314 1220 Chili,
2350 1161 2492 1221 Peru,
2778 1159 2816 1206 st]

956 1234 1181 1294 Panamae,
1198 1234 1484 1299 Nicaraguae,
1502 1233 1773 1293 Gattimalae,
1792 1232 1936 1283 Novae
1955 1233 2198 1297 Hispaniae,
2216 1234 2491 1293 Terrenatae,
2777 1247 2816 1293 qi

102 1341 104 1345 -
956 1307 1003 1359 Gt
1039 1306 1322 1370 Philippinis,
1357 1307 1517 1369 quibus
1548 1307 1753 1355 omnibus
1787 1320 1834 1355 tu
1868 1306 1971 1355 Rex
2005 1307 2137 1373 longe
2160 1307 2336 1370 lateque
2356 1310 2491 1371 impe-
2776 1305 2816 1351 bi

101 1392 114 1458 Δὶ
955 1395 1028 1438 ast,
1072 1380 1193 1442 quod
1226 1380 1255 1427 fi
1288 1377 1334 1430 &
1366 1380 1444 1426 has
1476 1394 1583 1441 quas
1616 1377 1755 1427 offero
1789 1393 1866 1426 tuo
1900 1379 2094 1441 Imperio
2127 1379 2386 1442 ampliffimo
2418 1380 2492 1428 ad—

91 1447 111 1518 ἰ
950 1453 1170 1515 junxeriS,
1202 1467 1275 1500 eas
1307 1454 1417 1500 tanti
1450 1451 1588 1511 facio,
1612 1466 1660 1500 ut
1679 1451 1996 1515 (praeterquam
2014 1452 2134 1514 quod
2151 1455 2310 1500 merito
2328 1455 2491 1515 princi·
2773 1465 2816 1498 ru

90 1520 112 1584 ll
955 1541 1033 1588 pes
1065 1527 1160 1575 sunt
1192 1525 1402 1589 aliarum)
1448 1525 1595 1573 multis
1634 1524 1731 1586 alijs
1764 1540 1851 1573 tam
1884 1525 2166 1588 pretiosarum
2200 1529 2413 1574 mercium
2448 1541 2491 1574 a·
2806 1524 2816 1533 '

955 1597 1216 1656 bundantia,
1260 1612 1391 1659 quam
1434 1597 1661 1662 opulentia
1692 1597 1837 1663 longe
1881 1597 2069 1661 palmam
2112 1600 2323 1660 eripiant,
2361 1600 2492 1646 etiam
2772 1610 2816 1643 er

91 1662 93 1730 Γ
125 1727 126 1731 ¹
927 1663 930 1666 ⁴
956 1670 1134 1729 Chinae,
1164 1670 1339 1732 Iaponi,
1374 1673 1464 1718 imo
1497 1668 1543 1720 δι
1577 1670 1757 1732 reliquis
1781 1670 1892 1718 Afiae
1916 1669 2083 1719 Infulis,
2104 1670 2171 1718 Ita
2187 1684 2235 1718 ut
2250 1671 2397 1718 verbis
2416 1673 2491 1719 06-
2772 1666 2809 1715 L

47 1769 56 1779 =
90 1738 94 1814 ξ
235 1793 238 1809 2
954 1743 1086 1806 plecti
1118 1757 1208 1791 non
1242 1742 1392 1802 liceat,
1425 1742 1533 1805 quid
1566 1742 1764 1801 sentiam,
1798 1757 1881 1791 nec
1914 1743 2016 1791 ullis
2048 1742 2124 1790 niss
2160 1742 2491 1792 Mathematicis
2770 1755 2798 1788 o

126 1816 128 1820 '
954 1830 1052 1864 mea
1084 1815 1294 1864 sententia
1321 1815 1499 1878 probari
1522 1814 1683 1877 potest,
1700 1830 1886 1877 quorum
1900 1815 2072 1878 judicio
2090 1815 2236 1875 stabit,
2253 1816 2331 1862 has
2348 1818 2492 1880 regio-
2770 1828 2814 1861 c-

91 1861 94 1934 l
955 1903 1032 1937 nes
1066 1888 1147 1936 sub
1181 1888 1322 1957 ipsum
1355 1886 1587 1953 ingress’um
1621 1888 1736 1936 alere
1765 1887 1881 1950 polle
1909 1890 2067 1953 viginti
2093 1889 2278 1937 hominu
2306 1903 2379 1937 aut
2394 1887 2491 1937 His·
2542 1949 2544 1954 ,

121 2006 130 2020 s,
955 1975 1169 2023 panorum
1201 1961 1360 2021 millia,
1394 1962 1485 2008 imo
1516 1960 1650 2025 longe
1678 1974 1767 2007 non
1798 1961 1914 2008 abest
1931 1976 2037 2023 qum
2053 1961 2297 2009 exclamem
2334 1960 2422 2009 Hic
2440 1961 2491 2009 il·
2769 1973 2808 2007 te

28 2030 34 2094 ’ᾗ
115 2069 130 2077 .
234 2064 237 2066 ,
955 2033 998 2082 le
1031 2033 1093 2080 est
1124 2033 1333 2092 mundus,
1366 2036 1441 2082 cui
1475 2032 1684 2095 Hispania
1716 2047 1937 2092 centrum,
1971 2034 2064 2082 haec
2082 2049 2264 2096 corpus,
2283 2032 2359 2082 ille
2376 2037 2491 2096 peri·
2768 2031 2809 2080 fe

1019 2177 1144 2242 Quid
1177 2181 1222 2226 in
1256 2179 1389 2242 igitur
1417 2176 1518 2225 Rex
1552 2176 1824 2226 illustriffime
1851 2178 2208 2227 commoditatem
2237 2178 2350 2237 loci,
2383 2192 2490 2227 tern-
2765 2176 2808 2225 su

954 2253 1210 2314 periemque
1244 2252 1354 2299 aeris
1387 2250 1719 2308 commendem3
1763 2249 1887 2311 cujus
1921 2249 1984 2298 est
2016 2249 2062 2300 &
2094 2250 2181 2299 hoc
2215 2250 2490 2299 clarissimum
2765 2252 2809 2297 ni

932 2323 1168 2372 ,indicium
1201 2323 1322 2386 quod
1354 2337 1456 2372 cum
1488 2322 1641 2387 nostri,
1666 2325 1806 2371 exteri
1825 2323 2002 2371 istorum
2019 2322 2246 2382 locorum,
2272 2324 2335 2371 ibi
2352 2324 2489 2372 versa·
2765 2320 2791 2368 fi

954 2407 1121 2455 rentur,
1153 2395 1300 2448 nullus
1332 2410 1478 2444 tamen
1505 2410 1659 2444 eorum
1676 2395 1834 2443 morbo
1850 2395 1944 2443 ullo
1961 2409 2190 2457 correptus
2207 2395 2291 2455 est,
2308 2395 2412 2446 licet
2430 2395 2490 2444 as-

200 2142 204 2148 >
953 2106 1120 2169 pheria.
1455 2142 1458 2147 .

91 2110 131 2453 ξ(

128 2387 132 2420 ι

92 2435 134 2684 μ
310 2462 317 2473 ’
953 2469 1075 2518 fiduo
1118 2468 1337 2527 laborent,
1366 2468 1546 2528 sudent,
1580 2468 1808 2527 madeant,
1847 2483 2003 2531 aquam
2035 2469 2188 2516 bibant
2215 2468 2382 2531 jejuni,
2416 2482 2489 2518 aut

952 2542 1085 2590 edant
1117 2556 1216 2604 quae
1248 2540 1377 2589 tellus
1410 2542 1562 2599 mittit,
1596 2555 1679 2588 nec
1712 2542 1879 2588 evitent
1906 2539 2291 2600 Lunam,'Solem,
2308 2542 2488 2590 minime
2762 2482 2803 2587 ζ

199 2660 208 2680 ἱ,
472 2649 476 2653 -
952 2613 1066 2664 locis
1099 2613 1187 2663 istis
1220 2613 1462 2672 fervidum,
1494 2613 1549 2661 de
1583 2615 1708 2661 nocte
1727 2615 1873 2661 etiarn
1907 2613 2095 2678 stragula
2127 2614 2370 2663 admittant.
2761 2616 2804 2677 gi

25 2708 32 2790 P
95 2692 117 2718 “-
201 2741 205 2749 ,
1018 2685 1136 2734 Cum
1170 2688 1307 2752 igitur
1337 2685 1537 2757 plerique
1572 2684 1815 2734 incolarum
1847 2685 1986 2744 obest,
2029 2685 2076 2737 δι
2114 2701 2286 2752 magnae
2320 2687 2488 2736 staturae
2516 2739 2519 2741 ,
2762 2685 2804 2733 O

2410 2761 2488 2809 ssnt
