2832 3271
613 366 725 431 Ad
771 365 1117 432 Leotorem
1170 367 1681 454 Prolegomena,

874 475 918 519 in
954 476 1153 522 traRatus
1187 474 1425 536 sequentes.

754 621 758 629 .
825 588 866 635 Τ
901 590 1081 638 antehac
1116 605 1241 638 novae
1260 606 1470 638 terrarum
1494 592 1778 650 detec‘tioneS,
1797 592 1919 640 labo·

703 651 765 713 '⁴32
826 661 1137 725 riofisfimaequc
1183 667 1502 727 navigationes,
1564 679 1649 712 tam
1706 664 1919 727 Hispano-

686 795 690 806 ὀ
704 726 783 819 (3)
829 750 945 793 rum,
968 750 1096 797 quam
1121 735 1390 799 Anglorum,
1415 752 1497 785 nec
1527 752 1613 784 non
1634 737 1919 794 Batavorum,

674 843 701 869 ,‚
735 823 778 856 ,¹
828 810 1018 856 maximo
1063 810 1302 856 novitatem
1354 809 1635 857 studiosorum
1670 811 1920 859 oblectami-

631 911 639 927 1
677 925 726 947 ⁴⁴„
748 888 778 913 N
824 895 899 938 ne,
930 883 975 927 in
994 880 1135 928 lucem
1153 881 1281 929 editae
1301 881 1443 929 fuere:
1465 881 1572 929 Non
1591 883 1779 931 alienum
1798 899 1823 930 a
1841 899 1920 945 pu-

624 954 630 964 *
671 962 711 993 -20
747 949 771 987 ff.
824 952 944 1001 blico
962 954 1195 1002 commodo
1223 955 1350 1011 duxi,
1377 957 1418 1001 in
1444 954 1683 1002 Theatrum
1701 956 1819 1002 orbis
1837 954 1919 1003 hac

391 1026 578 1075 tabulam
617 1024 815 1073 Praefecti
850 1024 907 1073 H.
946 1024 1164 1074 Hudsonis
1194 1027 1438 1088 producere
1467 1028 1522 1074 de
1552 1030 1829 1091 navigatione
1855 1030 1919 1089 ip-

392 1099 470 1148 sius
493 1099 619 1162 supra
642 1098 914 1157 Americam‚
946 1100 992 1144 in
1021 1098 1231 1157 Chinam,
1259 1098 1305 1149 δι
1336 1099 1489 1161 lapan:
1516 1099 1703 1146 maxime
1731 1115 1831 1147 cum
1856 1103 1919 1147 vi-

391 1173 535 1220 derem
570 1186 666 1219 eam
701 1172 724 1218 a
759 1170 1104 1232 praestantissimis
1131 1173 1237 1219 viris
1265 1171 1533 1236 magnopere
1562 1175 1733 1234 expeti:
1753 1171 1826 1220 Ne
1845 1187 1919 1219 au-

392 1260 475 1292 tem
508 1245 568 1292 ob
602 1245 881 1301 brevitatem,
915 1246 1287 1308 exiguitatemque
1322 1245 1439 1306 apud
1473 1243 1708 1291 nonnullos
1743 1244 1920 1292 vilesce-

391 1332 454 1365 ret
485 1316 742 1379 opusculum
778 1316 861 1364 hoc
896 1316 1073 1378 adjunxi
1108 1317 1329 1364 historiam
1364 1316 1506 1365 Ducis
1527 1317 1643 1363 Petri
1662 1316 1920 1365 Fernandez

393 1391 444 1438 de
478 1390 693 1454 Queiros,
727 1405 859 1451 quam
884 1392 927 1438 in
947 1389 1098 1437 libello
1116 1389 1301 1452 supplici
1319 1389 1438 1454 Regi
1458 1389 1682 1451 Hispaniae
1700 1390 1919 1448 exhibito,

395 1478 534 1511 narrat
578 1464 633 1511 de
677 1463 933 1527 regionibus
973 1462 1366 1521 Meridionalibus,
1411 1463 1589 1510 deteftis
1625 1465 1670 1509 in
1704 1466 1811 1510 mari
1846 1462 1918 1509 del

391 1536 505 1594 Zur,
539 1551 636 1584 eam
670 1534 871 1582 nonnulli
905 1537 1052 1598 magni
1080 1535 1302 1593 fecerunt,
1333 1535 1467 1596 aliqui
1492 1535 1650 1596 quibus
1668 1535 1723 1582 de
1742 1537 1920 1582 certitu-

394 1609 491 1655 dine
525 1609 590 1655 rei
626 1607 812 1664 constat,
845 1622 994 1654 veram
1022 1606 1102 1654 effe
1122 1606 1319 1655 afferunt.
1340 1607 1550 1655 octavius
1571 1606 1765 1665 Pisanus,
1785 1611 1829 1654 in
1848 1606 1919 1654 sust

392 1684 520 1729 totius
556 1680 691 1727 Orbis
725 1679 892 1739 tabula,
927 1695 1055 1741 quam
1091 1679 1257 1727 inversa
1274 1680 1590 1738 delineatione,
1614 1679 1782 1727 circulo
1799 1694 1920 1728 com-

394 1754 640 1815 prehendit,
672 1753 727 1801 de
764 1752 1042 1816 Regionibus
1076 1755 1099 1799 a
1136 1752 1267 1800 Petro
1285 1752 1543 1800 Fernandez
1561 1753 1614 1800 de
1633 1753 1826 1816 Queiros
1844 1752 1920 1800 de-

394 1828 531 1884 teffls,
566 1825 905 1880 delineationem
941 1825 1055 1873 suam
1089 1825 1128 1872 se
1164 1825 1381 1887 coparass'e
1405 1829 1484 1883 ait,
1511 1827 1535 1872 a
1558 1824 1784 1873 Nauclero
1810 1840 1918 1886 quo-

394 1898 507 1956 dam,
536 1898 768 1959 statuitque
799 1913 869 1945 eas
903 1900 927 1944 a
962 1911 1081 1959 parte
1117 1898 1403 1956 occidentali,
1438 1899 1573 1956 limae,
1598 1898 1757 1945 cidado
1778 1897 1920 1945 delos

395 1986 516 2032 reyos
563 1973 608 2016 in
656 1969 785 2018 Peru.
832 1969 1003 2034 Vi'ginti
1048 1974 1243 2032 quinque
1288 1971 1448 2034 gradus
1494 1973 1538 2016 in
1576 1970 1919 2034 longitudinem,

395 2046 467 2105 qui
501 2058 706 2105 superant
731 2039 958 2101 trecenta,
993 2043 1039 2091 &
1067 2045 1385 2108 quinquaginta
1412 2043 1598 2092 miliaria
1633 2042 1920 2101 Germanica,

394 2117 726 2177 extenditurque
794 2115 1028 2164 secundum
1089 2115 1207 2163 illius
1266 2116 1627 2174 delineationem,
1689 2116 1919 2178 plusquam

395 2192 631 2254 quingenta
663 2189 849 2235 miliaria
884 2187 1151 2236 Germanica
1184 2189 1460 2236 occidentem
1495 2188 1658 2246 versus,
1701 2203 1742 2236 at
1775 2188 1920 2236 versus

394 2261 632 2309 Meridiem
666 2261 915 2309 extenditur
951 2261 1080 2323 usque
1116 2263 1140 2307 a
1173 2260 1426 2309 Doftiffimo
1460 2261 1642 2325 gradum
1667 2263 1722 2307 ab
1748 2260 1920 2322 AEqua-

395 2347 498 2381 tore.
536 2335 624 2381 Sed
658 2349 759 2383 cum
794 2334 1003 2395 superiori
1038 2334 1172 2381 Anno
1207 2335 1272 2386 ab,
1295 2333 1454 2381 Illustri
1491 2333 1601 2380 Viro
1624 2333 1868 2381 Emanuele
1898 2336 1921 2381 a

394 2404 654 2469 figueiredo,
683 2406 1001 2471 Geographiae,
1029 2406 1073 2455 &
1101 2405 1452 2470 Hydrographiae
1472 2405 1714 2454 Professore
1733 2405 1920 2453 Vlixbo-

393 2492 477 2535 nae,
510 2482 766 2527 nunciatum
800 2478 920 2536 ess'et,
946 2479 1123 2526 Petrum
1142 2479 1401 2526 Fernandez
1420 2481 1444 2525 a
1461 2478 1653 2541 Queiros
1672 2478 1779 2525 nihil
1799 2477 1920 2525 Geo-

392 2552 799 2616 graphiae'dignum
832 2550 1083 2613 prodidisse,
1119 2551 1241 2612 libiq3
1276 2551 1533 2598 relationem
1567 2565 1732 2598 tantum
1768 2549 1920 2598 obscu-

394 2638 481 2670 ram
514 2624 701 2672 delatam
737 2623 841 2682 ess'e,
875 2625 976 2683 situ,
1011 2624 1239 2672 latitudine
1269 2627 1499 2688 regionum
1529 2637 1771 2671 carentem:
1810 2623 1922 2669 insu-

395 2711 470 2756 per
502 2698 588 2745 hoc
624 2698 822 2755 adderet,
856 2698 895 2744 se
920 2697 1173 2762 diligentius
1199 2697 1540 2758 inquaefiturum,
1559 2711 1663 2744 num
1681 2696 1786 2757 quid
1804 2696 1924 2757 apud

1154 2771 1197 2817 A
1217 2786 1241 2816 2
1820 2783 1921 2815 eum
