2824 3304
940 365 1132 410 exactam
1178 363 1431 420 redderent,
1465 362 1586 423 quod
1620 360 1664 410 &
1700 361 1925 418 fecerunt,
1962 360 2107 408 Anica
2140 376 2248 408 vero
2284 361 2477 409 reversos

940 451 1091 483 omnes
1126 435 1398 483 familiariter
1430 435 1637 495 suscepit,
1672 436 1813 481 amice
1847 436 2071 492 tractavit,
2107 447 2274 481 tantum
2310 433 2478 484 silentio

943 508 1041 570 ipfis
1074 509 1297 569 impofito,
1333 524 1430 569 quae
1461 508 1736 561 intellexerat
1764 506 1965 555 condidit
1994 508 2127 554 animi
2149 506 2210 554 sui
2243 508 2479 568 penetrali-

940 583 1044 639 bus,
1078 597 1221 642 neque
1255 583 1460 642 cuiquam
1488 581 1673 627 verbum
1700 580 1831 638 fecit,
1859 580 2053 641 sequenti
2085 595 2201 627 anno
2219 594 2320 627 cum
2338 584 2478 628 exteri

942 654 996 701 ad
1029 668 1267 701 mercatum
1300 655 1527 711 venirent,
1563 652 1711 714 plures
1741 652 1880 700 socios
1900 655 2067 699 itineris
2085 667 2141 699 ex
2158 652 2240 699 suis
2259 652 2477 714 adjunxit,

942 731 1031 773 imo
1065 731 1250 789 amiCOS,
1287 726 1332 775 &
1367 726 1574 790 sanguine
1600 726 1792 787 junctos,
1822 725 1958 786 ijsque
1985 726 2194 773 commisit
2212 741 2380 773 merces
2398 729 2478 773 ηὸ-

940 799 1079 847 nullas
1098 798 1266 846 vilioris
1285 798 1431 860 pretij,
1455 813 1501 846 ut
1520 798 1826 861 tintinnabula,
1848 799 2112 859 crepundia,
2130 797 2175 847 &
2192 798 2343 860 quales
2363 799 2478 846 Ger-

940 875 1084 919 mania
1116 875 1275 930 mittit,
1320 874 1452 919 etiam
1485 872 1530 918 hi
1565 871 1732 935 singula
1766 874 1997 936 regionum
2033 871 2207 918 istarum
2241 872 2478 936 diligenter

941 945 1194 1007 perscrutati
1235 947 1353 1005 sunt,
1394 960 1583 1007 cumque
1628 945 1952 1007 quamplurima
1996 944 2186 1002 deserta,
2220 944 2266 994 &
2301 944 2480 992 flumina

941 1019 1099 1066 emenii
1133 1017 1287 1077 ess'ent,
1322 1032 1613 1080 pervenerent
1642 1019 1698 1065 acl
1721 1018 1882 1065 flumen
1913 1017 2023 1081 obi,
2044 1019 2121 1065 ubi
2140 1020 2359 1065 contracta
2376 1032 2479 1066 cum

944 1091 1187 1154 Samojedis
1221 1093 1434 1155 amicitia,
1471 1106 1677 1139 notarunt
1706 1091 1846 1153 pelles
1882 1091 1976 1138 istic
2005 1090 2129 1138 nullo
2159 1093 2202 1137 in
2232 1093 2376 1152 pretio
2404 1091 2480 1137 ha-

941 1165 1058 1222 beri,
1080 1165 1108 1211 fi
1143 1180 1251 1212 vero
1269 1166 1372 1212 inde
1390 1179 1703 1226 exportuntur,
1733 1165 1908 1211 divitias
1927 1167 2136 1211 maximas
2153 1179 2208 1211 ex
2226 1164 2279 1224 ijs
2298 1168 2480 1229 congeri

942 1236 1081 1298 poss'e,
1115 1252 1326 1298 praeterea
1358 1238 1470 1285 hanc
1498 1251 1675 1304 gentem
1706 1236 1839 1284 nullis
1863 1240 1985 1300 cingi
2008 1239 2143 1284 muris
2161 1237 2231 1284 sed
2247 1240 2480 1322 gregatim,

941 1308 987 1358 &
1004 1310 1218 1370 pacifice
1207 1324 1319 1358 mter
1336 1310 1381 1357 se
1399 1313 1573 1372 vivere,
1595 1325 1620 1356 a
1636 1310 1876 1357 senioribus
1895 1310 2050 1371 populi
2068 1325 2145 1356 eos
2163 1311 2285 1374 regi,
2303 1324 2377 1356 eos
2395 1308 2480 1357 effe

942 1383 1190 1430 immundos
1226 1385 1270 1429 in
1305 1384 1409 1431 cibo
1431 1383 1746 1444 praeparando,
1765 1381 1811 1431 &
1828 1383 2021 1429 ferarum
2039 1383 2244 1429 carnibus
2262 1384 2478 1446 victitare,

941 1457 1065 1516 panis
1098 1454 1144 1504 δι
1179 1456 1356 1520 frugum
1391 1456 1555 1503 nullam
1584 1457 1745 1503 habere
1774 1458 1999 1513 notitiam,
2033 1455 2209 1502 solertes
2243 1454 2325 1502 effe
2349 1468 2480 1517 atque

943 1527 1197 1586 industrios,
1232 1528 1393 1593 sagittis
1422 1529 1587 1592 valere,
1615 1545 1741 1576 arcus
1767 1528 1888 1576 lento
1917 1529 2108 1589 quodam
2132 1526 2177 1576 &
2194 1527 2378 1574 flexibili
2397 1528 2482 1593 lig-

942 1615 1002 1648 no
1025 1601 1145 1659 fieri,
1179 1601 1480 1663 lapidibusque
1515 1605 1679 1659 acutis,
1714 1601 1787 1649 vel
1822 1601 2003 1663 piscium
2038 1601 2169 1662 spinis
2203 1604 2480 1662 pricmuniri,

942 1673 1077 1734 ijsque
1109 1674 1225 1722 feras
1247 1675 1473 1736 trajicere,
1503 1690 1688 1736 quarum
1712 1677 1929 1722 maximus
1959 1675 2019 1721 ibi
2043 1689 2275 1721 numerus:
2297 1675 2480 1735 piscium

941 1745 1082 1807 spinas
1106 1748 1206 1808 ipfis
1239 1763 1341 1795 acus
1375 1747 1483 1806 esse,
1518 1747 1564 1796 &
1592 1763 1754 1795 nervos
1770 1747 1869 1806 fila,
1888 1762 2019 1809 atque
2039 1750 2098 1794 ita
2116 1747 2324 1795 consuere
2342 1748 2483 1809 pelles

942 1820 1101 1880 quibus
1135 1820 1397 1879 vestiuntur,
1432 1836 1616 1882 quarum
1645 1821 1762 1882 pilos
1795 1821 1939 1868 aestate
1970 1820 2208 1868 extrorsum
2232 1821 2387 1880 hyeme
2406 1837 2481 1868 ve-

943 1907 994 1939 ro
1034 1893 1263 1940 introrsum
1307 1908 1502 1941 vertunt:
1552 1893 1778 1941 Notarunt
1824 1894 1996 1955 insuper
2030 1909 2107 1941 eos
2142 1908 2292 1958 tegere
2326 1894 2482 1941 domos

944 1964 1035 2012 suas
1070 1965 1277 2025 Alcium,
1313 1981 1386 2014 aut
1414 1967 1616 2014 similium
1640 1966 1893 2014 animalium
1914 1966 2130 2028 pellibus,
2149 1982 2257 2028 quas
2275 1966 2398 2013 nullo
2416 1966 2483 2013 lo-

944 2053 1000 2086 co
1032 2039 1207 2086 habent.
1242 2039 1304 2087 Vt
1336 2043 1483 2087 omnia
1511 2055 1602 2087 uno
1630 2041 1771 2090 verbo
1799 2040 2085 2102 complectar,
2120 2038 2318 2100 emiss'arij
2342 2040 2387 2086 hi
2405 2054 2483 2087 cu-

943 2111 1059 2158 riose
1104 2112 1269 2176 lingula
1308 2113 1615 2171 observarunt,
1656 2115 1935 2175 maximaque
1975 2113 2157 2174 pellium
2192 2112 2483 2173 Babylonica-

944 2199 1040 2232 rum
1074 2186 1204 2247 copia
1236 2186 1379 2233 onusti
1413 2187 1468 2233 ad
1495 2186 1592 2233 suos
1610 2186 1782 2234 rediere
1794 2223 1808 2244 ,
1826 2202 1882 2233 ex
1900 2188 2062 2248 quibus
2078 2188 2251 2249 omnia,
2273 2201 2369 2248 quae
2387 2199 2481 2232 tan-

945 2271 1096 2318 topere
1132 2260 1288 2306 auebat
1316 2260 1422 2307 scire
1449 2260 1616 2322 Anica,
1648 2260 1822 2307 rescivit
1846 2259 2003 2321 plane,
2021 2262 2099 2321 qui
2124 2259 2482 2320 subsequentibus

945 2335 1068 2377 annis
1100 2335 1347 2396 negotiatus
1382 2333 1442 2380 est
1470 2348 1573 2381 cum
1602 2335 1755 2380 amicis
1784 2333 1960 2381 istarum
1978 2335 2231 2398 regionum,
2250 2330 2296 2381 &
2313 2332 2481 2379 foedere

940 2403 1122 2469 junctis,
1159 2420 1208 2453 ut
1241 2407 1291 2454 ea
1318 2409 1618 2471 negotiatione
1643 2407 1853 2467 Anicovij
1880 2405 2172 2470 congesserint
2189 2408 2397 2453 maximas
2416 2406 2482 2452 di-

943 2478 1091 2536 vitias,
1126 2478 1370 2540 multosque
1398 2494 1525 2543 agros
1554 2479 1752 2541 undique
1777 2481 2044 2537 coemerint,
2076 2478 2200 2526 latuit
2241 2479 2314 2526 hic
2352 2478 2482 2526 dolus

944 2565 1095 2599 omnes
1128 2554 1327 2610 vicinos,
1363 2554 1502 2616 ignari
1532 2552 1648 2600 unde
1676 2566 1808 2599 tantae
1835 2567 1944 2614 opes
1976 2552 2211 2610 diluerent,
2238 2567 2322 2599 nec
2338 2551 2482 2598 defuit

945 2623 1043 2685 ipfis
1076 2627 1240 2686 pietas,
1274 2625 1390 2672 aedes
1423 2628 1541 2672 enim
1569 2625 1708 2674 sacras
1730 2626 1964 2674 nonnullas
1985 2625 2225 2674 condidere
2242 2628 2288 2672 in
2305 2624 2386 2672 suis
2405 2638 2481 2686 pa-

908 2750 920 2765 ·
943 2698 1036 2760 gis:
1072 2698 1222 2759 postea
1253 2700 1385 2746 etiam
1419 2698 1764 2760 pulcherrimum
1782 2699 1995 2761 templum
2014 2699 2206 2747 struxere
2225 2700 2270 2746 in
2288 2699 2397 2818 ursbe
2415 2697 2481 2818 3²-

2357 2788 2413 2832 0y
2465 2806 2480 2829 ⁹
