2816 3352
911 285 1051 351 Regis
1086 284 1206 348 Hisp.
1241 287 1392 335 oblati.

388 362 493 410 fiunt
524 361 703 418 tabulae,
737 359 885 418 hastae,
920 358 1090 420 aliaque
1120 373 1340 407 annorum
1360 373 1543 424 genera,
1567 357 1721 418 Remi,
1744 359 1913 422 aliaque

387 432 620 482 domestica
649 431 866 490 utensilia,
902 431 1033 494 idque
1053 446 1220 479 notatu
1252 432 1566 497 digniffimum,
1604 433 1699 480 haec
1727 432 1915 495 palweta

387 510 609 554 vinearum
643 505 773 552 instar
806 504 906 568 ess'e,
940 520 996 553 ex
1028 505 1188 567 quibus
1210 519 1306 553 toto
1328 520 1443 553 anno
1465 505 1671 570 leguntur
1689 508 1808 564 vina,
1826 506 1913 554 {ine

386 578 485 628 ullis
517 577 742 625 laboribus
782 576 874 626 ullo
913 576 1180 639 sumptuum,
1219 578 1479 641 temporisve
1519 579 1759 642 dispendio.
1805 578 1914 626 Ole-

387 667 479 700 rum
506 651 638 698 variae
655 649 820 712 species
836 650 965 697 nobis
981 650 1100 708 visae,
1124 650 1380 698 Cucurbitae
1398 651 1527 698 Bledi
1544 654 1691 716 magni
1708 650 1753 700 δι
1769 654 1914 713 parvi,

386 724 495 772 fabae
527 725 676 771 omnia
708 722 945 787 legumina.
968 722 1052 771 De
1075 724 1279 772 carnibus
1302 724 1394 772 haec
1412 724 1593 783 habet0,
1609 726 1797 772 maxima
1813 739 1915 786 por—

388 811 536 854 corum
571 797 633 843 ibi
667 798 817 858 copia,
848 794 1151 853 ,Gallinarum,
1184 811 1424 858 caponum,
1447 796 1697 858 perdicum,
1720 810 1915 852 anatum,

387 883 621 927 turturum,
655 868 977 916 columbarum:
1014 868 1239 930 palumbes
1272 867 1319 918 δι
1352 884 1495 931 caprae
1522 868 1646 917 alteri
1669 868 1916 931 Capitaneo

388 941 499 989 visae:
535 941 591 988 de
624 943 772 989 vaccis
806 956 983 1003 quoque
1016 940 1066 990 &⁴
1094 940 1266 988 bubalis
1289 941 1426 989 sermo
1448 955 1541 989 erat
1560 940 1694 989 Indis.
1729 940 1915 990 Piscium

388 1030 522 1080 genus
542 1016 738 1061 varium:
760 1015 821 1061 ibi
839 1013 1027 1078 Harghi,
1048 1013 1326 1076 pescereijes,
1343 1013 1461 1072 lizae,
1479 1013 1731 1078 lingulacae,
1750 1013 1917 1061 Salmo-

367 1081 481 1146 nes,
510 1086 656 1146 Meri,
675 1086 839 1146 Alosae,
857 1086 1127 1145 Macabises,
1146 1086 1359 1146 Casanes,
1379 1086 1607 1150 Pampani‚
1627 1086 1775 1150 sardae,
1795 1086 1916 1149 rajae,

388 1159 555 1222 cuculi,
593 1159 847 1221 chitevieje,
877 1159 1103 1224 anguillae,
1128 1161 1253 1221 porci
1270 1161 1448 1218 marini,
1466 1159 1665 1221 chapini,
1684 1160 1839 1217 rubiae,
1857 1158 1917 1206 al-

388 1247 540 1291 mexae,
574 1235 807 1296 gammari,
842 1232 1004 1295 alijque
1038 1232 1311 1294 complures,
1343 1246 1532 1294 quorum
1565 1234 1743 1279 nomina
1768 1230 1814 1281 &
1837 1246 1917 1279 nu·

387 1320 528 1353 merus
561 1319 652 1352 non
683 1320 944 1364 occurrunt,
973 1308 1161 1353 maxima
1181 1308 1300 1353 enim
1317 1306 1446 1368 copia
1464 1307 1585 1353 iuxta
1600 1305 1733 1352 naves
1750 1321 1775 1351 a
1790 1303 1917 1365 socijs

389 1379 516 1439 capti.
546 1376 662 1441 Quae
689 1377 718 1424 fi
748 1377 983 1443 diligenter
1013 1378 1359 1440 perpendantur,
1382 1379 1546 1441 conjici
1572 1377 1733 1440 potest,
1756 1391 1918 1439 quanta

388 1450 646 1498 deliciarum·
674 1452 860 1497 varietas
893 1465 950 1497 ex
983 1465 1101 1498 tanta
1132 1453 1329 1499 omnium
1362 1453 1464 1499 reru
1491 1450 1727 1509 affluentia,
1755 1450 1918 1497 hauriri
1981 1448 1984 1450 ’

389 1525 568 1584 poterit,
603 1524 662 1569 ita
688 1536 737 1570 ut
765 1537 848 1570 nec
866 1523 1171 1582 condita’ulla,
1189 1526 1279 1571 imo
1295 1539 1352 1571 ne
1369 1523 1522 1571 Marci
1537 1539 1672 1585 panes
1688 1522 1918 1570 desiderari

388 1597 598 1657 poterint,
631 1595 801 1657 rejectis
833 1597 1037 1643 omnibus
1070 1598 1312 1644 extraneis:
1342 1595 1547 1658 superunt
1574 1598 1705 1644 etiam
1733 1597 1919 1643 nauticis

389 1667 526 1715 ufibus
560 1666 811 1726 necess'atia,
844 1669 1075 1728 butyrums,
1100 1666 1350 1727 PetasoneS,
1378 1682 1572 1727 acetum,
1594 1674 1800 1730 aromata,
1826 1682 1920 1715 om-

389 1740 533 1802 nisque
567 1742 742 1804 generis
777 1740 1069 1788 condimenta.
1106 1739 1276 1788 Notatu
1309 1740 1514 1804 dignum,
1547 1740 1685 1789 multa
1712 1740 1809 1802 ipfis
1836 1739 1919 1788 esse

389 1813 645 1861 nostratibus
683 1828 775 1861 non
807 1812 1040 1872 diffimilia,
1072 1813 1226 1874 majori
1260 1814 1390 1874 copia
1422 1828 1554 1876 quam
1582 1814 1700 1875 apud
1726 1828 1832 1872 nos,
1863 1815 1922 1860 ita

389 1900 434 1933 ut
466 1902 517 1933 ea
549 1885 679 1934 tellus
712 1886 887 1934 videtur
921 1885 1064 1947 palma
1091 1884 1285 1946 Europae
1305 1888 1477 1947 eripere
1495 1885 1738 1950 gignendo,
1757 1885 1920 1948 produ-

389 1959 616 2021 cendoque
648 1961 815 2006 omnia:
850 1960 983 2006 mittit
1015 1960 1134 2006 enim
1167 1971 1392 2023 argentum
1427 1958 1474 2008 &
1507 1961 1713 2017 unioneS,
1741 1958 1904 2020 Capita

389 2046 494 2079 neus
526 2031 637 2079 alter
671 2034 716 2079 in
749 2030 927 2079 historia
961 2030 1031 2079 sua
1053 2024 1165 2079 aurii
1183 2030 1260 2077 fibi
1281 2029 1421 2078 visum
1446 2045 1773 2080 commemorat.
1805 2030 1922 2078 vTres

390 2106 519 2168 igitur
553 2104 774 2166 producit·
793 2103 1105 2166 pretiofiffimas
1137 2119 1282 2151 rerum
1315 2102 1502 2165 species,
1525 2105 1549 2151 a
1565 2118 1719 2152 natura
1734 2104 1922 2155 homini—

389 2178 467 2224 bus
500 2176 736 2224 concestas.
767 2174 846 2224 No
872 2176 1023 2224 desunt
1040 2191 1176 2224 nuces
1192 2175 1443 2236 myristicae,
1461 2175 1689 2235 mastiche,
1706 2176 1922 2234 zinziber,

391 2251 513 2310 piper
547 2248 708 2311 (testus
742 2248 832 2297 sum
865 2249 1094 2312 oculatus)
1128 2263 1290 2296 norunt
1325 2247 1690 2306 Cinnamomum,
1712 2251 1871 2296 mirum
1893 2248 1923 2294 fi

390 2336 476 2369 non
519 2321 747 2370 nascantur
792 2321 1081 2382 cariophylla,
1128 2335 1228 2369 cum
1274 2320 1449 2368 affluant
1483 2321 1689 2368 omnibus
1722 2322 1924 2367 aromati-

390 2394 486 2457 buS‚
522 2410 665 2456 eoque
706 2397 846 2458 magis
879 2393 1000 2455 quod
1033 2394 1100 2445 hae
1134 2407 1259 2441 terrae
1294 2392 1514 2455 parallelae
1547 2392 1641 2441 sunt
1669 2394 1925 2457 regionibus

391 2465 639 2515 Tarrenatae
673 2481 805 2529 atque
840 2466 1041 2514 Bachan:
1078 2480 1162 2513 nec
1189 2464 1309 2512 deest
1336 2467 1518 2513 materia
1538 2457 1802 2512 conficiendi
1824 2465 1925 2512 seri-

390 2554 509 2598 cum,
540 2542 698 2603 pitam,
736 2539 1023 2598 Saccharum,
1057 2539 1191 2597 Anir,
1225 2538 1498 2599 superbiunt
1531 2536 1713 2596 Ebeno,
1746 2536 1925 2598 alijsque

391 2611 609 2676 lignorum
642 2613 880 2677 generibus
913 2628 970 2661 ex
1001 2613 1163 2674 quibus
1195 2626 1329 2659 naves
1353 2611 1478 2671 fiant,
1502 2626 1603 2659 cum
1625 2610 1709 2657 suis
1725 2608 1855 2668 velis,
1873 2625 1924 2658 ac

390 2684 553 2746 triplici
586 2685 641 2732 ad
673 2685 880 2734 rudentes
911 2687 1114 2738 materie,
1147 2698 1332 2746 quarum
1365 2699 1453 2732 una
1480 2685 1633 2732 canabi
1657 2681 1812 2731 nostrae
1834 2697 1925 2729 non

1232 2757 1270 2804 Β
1291 2772 1317 2804 2
1718 2754 1928 2803 dissimilis

2669 26 2692 38 ἰ
2718 11 2775 54 μω
