2816 3320
968 342 1204 387 amicitiam
1263 350 1439 384 omnem
1488 330 1806 396 pollicerentur
1860 329 1980 391 quod
2028 327 2077 378 81
2126 327 2308 384 faustum,
2360 324 2500 373 faedus

968 405 1085 460 enim
1104 413 1161 460 εὖ
1180 410 1265 458 illis
1282 422 1520 472 pepegere‚
1541 404 1811 452 discedentes
1827 417 1883 449 ex
1901 403 1989 448 oris
2007 400 2115 456 istis,
2130 399 2356 454 Moschos,
2369 397 2500 445 faede-

970 500 1085 533 ratos
1114 481 1391 551 SamOJedaS,
1425 495 1480 527 ac
1511 478 1718 525 Tartaros
1743 475 1840 536 ipfis
1862 473 2123 534 reliquerfit,
2141 472 2395 523 muneribus
2413 485 2501 518 non

971 558 1192 622 neglectis,
1262 548 1471 615 Sequenti
1529 566 1645 598 anno
1691 547 1914 612 Tingoiifij
1965 545 2142 595 emisere
2193 544 2429 593 nonnullos
2478 559 2502 592 e

970 630 1078 688 suis,
1111 628 1226 676 reeta
1259 631 1304 674 in
1339 626 1597 681 Orientem,
1632 622 1815 671 ulterius
1849 620 2074 686 aliquanto
2100 633 2231 679 quam
2261 631 2387 666 antea
2403 631 2504 678 pro-

971 702 1119 767 greffi,
1155 701 1404 749 inciderunt
1438 698 1614 745 tandem
1649 698 1693 742 in
1728 694 1947 755 quendam
1971 692 2103 741 alium
2126 691 2285 749 fluviii,
2315 690 2506 739 Ieneseifi

971 776 1148 837 quidem
1183 777 1424 829 minorem,
1458 771 1692 818 velocitate
1727 782 1817 814 non
1841 759 2081 833 disparem,
2098 765 2223 826 cujus
2240 764 2411 813 cursum
2429 763 2506 811 ali-

970 863 1079 909 quot
1128 848 1223 894 dies
1266 845 1591 906 subsequenteS,
1625 839 2008 902 deprehenderunt
2042 839 2241 886 homines
2274 837 2507 899 quosdam,

972 936 1082 981 quos
1115 918 1242 968 cursu
1270 918 1560 965 antevertetes
1594 912 1998 976 apprehenderunt,
2031 911 2105 959 sed
2123 911 2273 975 lingua
2289 909 2507 958 diffimiles

971 1006 1121 1049 erant,
1155 991 1230 1040 sed
1265 992 1396 1038 certis
1429 987 1685 1050 quibusdam
1711 984 1889 1047 jndicijs
1916 982 1965 1031 81
1992 985 2176 1031 vocibus
2195 983 2509 1042 Barbarorum,

975 1065 1064 1112 Om
1099 1064 1190 1111 Om
1223 1062 1403 1111 subinde
1432 1056 1823 1125 ingeminantium,
1859 1056 2113 1117 c6jecerunt
2137 1058 2191 1104 ab
2226 1057 2360 1104 altera
2386 1056 2507 1116 fluvij

975 1152 1096 1199 parte
1125 1136 1281 1184 crebra
1314 1135 1464 1198 audire
1493 1136 1707 1189 tonitrua,
1731 1130 1779 1178 &
1797 1130 1998 1191 strepitus
2016 1130 2264 1188 hominum,
2284 1130 2419 1191 ipsum
2437 1145 2510 1176 ve-

976 1226 1027 1257 ro
1059 1208 1221 1256 flumen
1255 1207 1397 1269 digito
1430 1205 1712 1261 monstrateS,
1749 1201 1916 1249 Peissda
1938 1202 2168 1261 dicebant,
2192 1203 2296 1250 hinc
2314 1203 2510 1267 Tingoe—

974 1282 1041 1343 fij,
1074 1279 1122 1329 &
1157 1278 1331 1326 Tartari
1355 1277 1626 1341 colligebant
1662 1277 1706 1323 id
1740 1290 1904 1322 nomen
1937 1274 2058 1336 fluvij
2084 1275 2186 1323 elle:
2212 1290 2255 1322 at
2272 1276 2420 1337 postea
2438 1290 2510 1323 co-

975 1366 1167 1417 gnorunt
1213 1351 1413 1409 Moschi,
1458 1351 1625 1397 sonitus
1664 1362 1973 1409 campanarum
2013 1347 2103 1394 Om
2138 1348 2228 1395 Om
2262 1348 2509 1412 significari,

976 1440 1223 1488 repetentes
1255 1440 1363 1472 vero
1397 1426 1606 1485 patriam,
1649 1420 1886 1468 nonnullos
1920 1420 2168 1479 accolarum
2202 1421 2323 1482 fluvij
2365 1422 2511 1470 secum

975 1500 1166 1556 duxere,
1196 1497 1267 1544 sed
1291 1500 1336 1544 in
1356 1498 1511 1549 itinere
1528 1510 1682 1543 omnes
1700 1496 1946 1555 perierunt,
1965 1509 2018 1541 arn
2036 1509 2181 1554 metu,
2200 1509 2255 1543 an
2274 1498 2383 1544 acris
2402 1496 2512 1543 inso-

976 1571 1111 1619 lentia
1146 1574 1360 1618 incertum
1393 1569 1479 1627 est,
1513 1569 1723 1630 dolebant
1757 1566 1978 1628 profecto,
2012 1583 2163 1615 omnes
2197 1566 2402 1626 comites,
2426 1583 2512 1615 tam

978 1643 1197 1707 Tingoefi'
1211 1678 1226 1699 ,
1260 1658 1348 1705 qua
1383 1642 1624 1704 Samojedae
1658 1654 1811 1688 eorum
1847 1641 2095 1699 interitum,
2130 1642 2362 1690 redeuntes
2395 1644 2513 1689 enim

977 1715 1183 1765 afferebat
1217 1715 1298 1763 effe
1328 1716 1528 1764 homines
1563 1713 1832 1779 ingeniosOS‚
1867 1712 2009 1760 forma
2042 1715 2240 1774 honesta,
2258 1716 2399 1763 oculis
2416 1730 2513 1777 par-

977 1791 1085 1847 vis,
1082 1789 1214 1836 facie
1242 1774 1392 1849 plana,
1427 1788 1574 1835 colere
1610 1786 1755 1849 fusco,
1793 1785 1841 1834 81
1877 1788 1932 1835 ad
1965 1787 2131 1836 luteum
2159 1803 2384 1852 vergente.

1042 1860 1143 1910 Hoc
1178 1876 1278 1909 cum
1313 1859 1615 1925 cognovissent
1653 1859 1837 1908 Moschi
1871 1876 1927 1908 ex
1962 1860 2225 1922 Samojedis,
2266 1877 2291 1907 a
2324 1864 2514 1925 regioni·

977 1936 1059 1982 bus
1093 1921 1428 1998 Tingoiifiorum
1464 1936 1508 1981 in
1540 1933 1757 1980 Siberiam
1786 1935 2097 1993 redeuntibus,
2117 1929 2256 1981 statim
2275 1935 2513 1996 cupiditate

979 2006 1232 2055 inflammati
1255 2007 1401 2064 fuere,
1435 2006 1645 2055 ulteriora
1680 2007 1967 2071 investigandi
2001 2009 2168 2068 petetes
2191 2022 2216 2054 a
2235 2006 2428 2072 Prorege
2449 2010 2514 2055 iti-

919 2112 921 2114 *
979 2082 1095 2129 neris
1129 2082 1331 2137 comites,
1367 2082 1444 2140 qui
1478 2080 1617 2127 statim
1652 2082 1856 2140 petitioni
1893 2083 2064 2138 annuit,
2099 2079 2271 2128 cocelsa
2288 2081 2409 2129 simul
2427 2096 2515 2128 ma-

979 2152 1065 2216 gna
1097 2152 1285 2199 militum
1304 2167 1461 2210 manu,
1484 2167 1535 2209 ea
1554 2152 1652 2216 lege
1676 2166 1724 2199 ut
1746 2152 1912 2217 lingula
1928 2153 2216 2214 dispicerent,
2236 2152 2514 2219 Tingoefios,

982 2224 1254 2286 Samojedas,
1288 2241 1338 2290 ac
1357 2224 1564 2272 Tartaros
1583 2226 1926 2308 conjungerent,
1945 2227 2064 2287 quod
2081 2225 2126 2275 &
2144 2227 2402 2290 factitatum,
2423 2230 2515 2289 sep-

981 2299 1167 2360 tingenti
1201 2300 1318 2345 enim
1346 2299 1430 2344 viri
1465 2297 1681 2357 bellicosi,
1718 2299 1981 2360 trajecerunt
2000 2299 2207 2348 Fluvium
2227 2299 2355 2361 Oby,
2373 2300 2421 2349 &
2441 2301 2516 2348 Sa·

980 2369 1251 2431 mojedarum
1295 2386 1347 2419 ac
1387 2370 1722 2435 Tingoiifiorum
1764 2375 1890 2419 terris
1931 2373 2117 2435 trajectis
2156 2374 2428 2423 devenerunt
2463 2375 2516 2422 ad

982 2443 1221 2505 lenesejam
1253 2443 1437 2506 flumen,
1471 2460 1561 2505 quo
1597 2444 1775 2505 trajecto
1798 2445 1853 2491 ad
1881 2445 2091 2493 ulteriora
2107 2458 2419 2507 perrexerunt,
2438 2448 2515 2495 du-

981 2516 1106 2565 cibus
1151 2515 1418 2580 Tingoefijs,
1462 2520 1538 2578 qui
1587 2532 1685 2564 nonv
1714 2531 1881 2565 tantum
1916 2519 2302 2569 anteambulonum
2335 2522 2516 2568 obibant

981 2604 1164 2648 munus,
1199 2589 1275 2637 sed
1290 2588 1337 2639 δι
1359 2589 1415 2637 de
1433 2593 1636 2638 comeatu
1653 2592 1858 2639 omnibus
1877 2593 2226 2654 prospiciebant,
2251 2597 2391 2655 captis
2408 2593 2516 2654 mira

981 2662 1131 2724 quedi.
1158 2662 1417 2712 dexteritate
1436 2664 1613 2726 avibus,
1634 2662 1817 2722 CerviS,
1836 2666 2000 2726 capris,
2018 2665 2198 2727 alijsque
2215 2665 2324 2726 varij
2343 2668 2515 2731 generis

2386 2740 2516 2798 feriS,

2627 648 2640 667 ἰ
