2824 3320
0 386 84 433 neri
98 420 111 441 ,

0 459 114 513 illos,

9 531 118 577 Tin—

0 604 122 667 >edes

0 678 98 726 sueti
111 712 124 733 ,

4 747 127 798 fuisse

0 825 130 872 bnitu

0 927 5 945 l
38 897 132 944 fue-

0 972 109 1027 hcere
123 1005 133 1030 ‚

0 1059 15 1091 3
44 1057 138 1089 cre-

0 1128 140 1179 porta-

0 1263 146 1323 ‚liquot

0 1333 148 1381 ostium

0 1422 36 1453 m
54 1422 80 1468 p
91 1420 151 1452 er-

0 1480 57 1528 rso
75 1478 154 1525 ilu-

0 1568 30 1600 tt
47 1566 156 1599 non-

0 1628 133 1674 [erent
145 1660 158 1679 ,

17 1697 161 1759 elapso

14 1774 58 1820 et
75 1773 162 1818 ma-

26 1859 179 1910 quenffi

14 1934 59 1966 m
76 1931 167 1964 om-

31 2007 74 2038 m
93 1989 170 2036 flu-

10 2065 104 2111 stre
124 2061 171 2107 il-

12 2138 173 2186 umine

24 2223 177 2271 exper-

16 2305 27 2324 ›.
55 2283 180 2329 Luca

23 2355 104 2418 isc'13
138 2357 180 2400 in

30 2444 95 2477 ter
114 2441 183 2474 ac-

24 2519 42 2549 s
62 2503 184 2548 itine-

23 2589 53 2621 t
65 2611 80 2629 ,
99 2585 187 2619 tota

25 2650 130 2704 viae,
147 2660 188 2691 e-

60 2717 193 2782 pofita

59 2793 172 2840 erint
183 2823 196 2847 ,

391 387 576 443 fuerint,
609 387 680 434 sed
714 387 1009 448 desperamus,
1029 387 1268 435 dolendum
1285 388 1484 450 profecto
1502 388 1531 435 si
1551 391 1609 435 ita
1626 387 1927 453 negligantur,

391 474 475 507 tam
511 459 676 507 fertiles
711 459 884 517 insulae,
919 459 1099 507 flumina
1123 460 1284 522 ampla,
1315 459 1543 525 Regiones
1574 462 1728 508 avibus
1752 460 1799 509 &
1822 461 1928 508 feris

390 533 676 590 luxurianteS,
713 532 760 580 &
795 532 908 579 ultra
943 532 1079 594 ipsum
1114 532 1276 581 flumen
1301 533 1561 595 IeneseJam,
1586 533 1719 598 longe
1739 533 1927 597 lateque.

452 604 642 652 Vivebat
677 619 769 652 tum
804 608 1015 666 temporis
1051 608 1094 651 in
1131 605 1384 664 Moscovia,
1414 609 1541 654 amici
1567 609 1652 654 mei
1672 605 1832 665 frater,
1851 609 1927 667 qui

387 680 453 726 his
487 679 805 726 detefflonibus
840 694 988 726 comes
1022 678 1189 737 fuerat,
1227 682 1260 725 is
1295 679 1485 727 tabulam
1504 679 1749 741 quandam,
1768 694 1823 726 ex
1841 680 1929 726 fra-

388 755 464 799 tris
495 752 582 813 Jam
616 751 809 798 defunfti
845 766 922 798 ore
957 765 1214 812 exceptam,
1243 751 1288 800 &
1316 752 1398 798 ase
1417 752 1685 799 delineatam
1697 752 1926 799 nobistra-

388 824 520 882 didit,
556 824 640 886 ipse
675 839 782 871 vero
817 821 979 871 fretum
1015 822 1254 888 VVaygats
1283 838 1607 886 penetraverat,
1640 827 1926 886 omniumque

389 898 586 944 locorum
621 897 753 958 usque
789 896 843 943 ad
878 896 970 942 Obi
1005 911 1166 959 gnarus
1200 896 1286 954 est,
1320 900 1418 958 quis
1446 912 1553 944 vero
1577 896 1675 944 {itus
1694 899 1926 961 regionum

387 970 499 1017 ultra
533 969 715 1026 flumen,
744 971 942 1032 cognivit
976 984 1031 1015 ex
1067 969 1188 1029 alijs3
1223 969 1283 1015 est
1317 969 1408 1015 sola
1435 969 1528 1016 haec
1546 984 1677 1030 quam
1695 969 1846 1016 damus
1864 984 1924 1016 ta-

386 1042 502 1090 bella
535 1041 653 1089 rudis
688 1042 899 1088 duntaxat
934 1041 1051 1088 illius
1074 1056 1164 1088 orae
1198 1041 1436 1088 delineatio
1468 1043 1717 1099 maritimae,
1742 1056 1926 1104 eamque

387 1114 543 1179 magna
577 1114 771 1161 molestia
805 1114 913 1160 mihi
948 1116 1215 1174 comparari,
1251 1113 1277 1159 s1
1312 1129 1419 1161 vero
1442 1113 1717 1161 resciscerent
1736 1114 1800 1161 illi
1817 1129 1926 1176 quo-

388 1202 483 1235 rum
519 1186 713 1244 interest,
748 1188 887 1233 aftum
922 1186 1023 1232 esset
1042 1185 1096 1231 de
1116 1184 1293 1251 Moschi
1314 1185 1431 1232 illius
1448 1189 1557 1243 vita,
1576 1201 1737 1233 nomen
1757 1186 1857 1235 ideo
1876 1186 1926 1233 il-

388 1259 471 1307 lius
505 1273 593 1305 non
628 1258 869 1320 prodimus.

452 1330 637 1379 Fluvius
672 1330 791 1377 Toas
826 1331 866 1376 se
901 1344 1111 1377 exonerat
1147 1332 1189 1376 in
1224 1329 1384 1377 flumen
1420 1330 1532 1387 Obi,
1557 1331 1780 1392 profluens
1797 1346 1844 1379 ut
1860 1334 1926 1378 vi-

388 1405 515 1451 detur
548 1419 602 1450 ex
637 1404 747 1450 locis
766 1402 968 1449 Ieneseiae
985 1404 1145 1449 vicinis
1157 1438 1170 1458 ,
1190 1401 1396 1464 sylvaque
1415 1402 1529 1449 vasta
1541 1439 1555 1459 ,
1575 1418 1630 1450 ex
1648 1419 1735 1465 qua
1752 1402 1797 1452 &
1815 1404 1926 1451 alius

387 1476 564 1538 quidam
608 1475 766 1523 fluvius
806 1474 1011 1536 profluit,
1052 1476 1277 1535 proximus
1317 1474 1452 1531 Toae,
1488 1478 1531 1521 in
1568 1475 1758 1523 Ieneseia
1793 1491 1925 1538 aquas

387 1550 477 1596 suas
511 1551 707 1605 evom5s,
743 1548 854 1594 adeo
889 1561 935 1594 ut
964 1548 1019 1593 ab
1048 1545 1138 1592 Obi
1158 1548 1377 1593 maritimo
1401 1549 1582 1605 itinere,
1601 1563 1679 1608 per
1697 1551 1924 1613 regionem

390 1621 736 1683 Samoiedarum,
773 1620 942 1667 duabus
976 1632 1144 1665 tantum
1179 1618 1366 1666 terrestri
1404 1622 1558 1667 itinere
1594 1620 1731 1668 leucis
1750 1621 1924 1682 supera-

389 1697 468 1753 tis,
504 1694 697 1741 incidant
733 1695 777 1738 in
810 1691 972 1738 flumen
1008 1690 1227 1754 Torgaef,
1255 1691 1428 1738 tandem
1453 1692 1648 1739 secundo
1681 1692 1860 1740 flumine
1880 1696 1923 1740 in

390 1766 627 1815 Ieneseiam
655 1766 917 1821 deveniunt,
952 1764 1013 1811 est
1048 1763 1247 1824 profesio
1275 1765 1505 1812 commoda
1522 1766 1605 1813 hac
1623 1768 1720 1824 via,
1740 1766 1788 1814 &
1806 1782 1829 1812 a
1849 1766 1925 1814 Sa-

390 1839 571 1902 mojedis
606 1839 654 1887 &
686 1837 934 1902 Tingoefijs
968 1851 1058 1883 non
1095 1839 1153 1882 ita
1185 1836 1355 1896 pridem
1392 1839 1581 1884 inventa.

451 1911 562 1959 Haec
596 1912 690 1959 sunt
721 1927 819 1973 quae
843 1912 1037 1957 maximo
1056 1909 1196 1956 studio
1215 1909 1439 1956 resciscere
1459 1913 1602 1971 potui,
1623 1912 1666 1956 in
1687 1909 1808 1957 Vr-be
1828 1911 1900 1972 ips
1901 1912 1925 1957 a

392 1985 601 2043 Moscua,
635 1985 689 2032 de
724 1983 912 2044 colonijs
946 1983 1085 2030 dustis
1121 1985 1164 2028 in
1188 1984 1420 2028 maximam
1445 1982 1697 2047 Regionem
1717 1981 1925 2040 Siberiae,

390 2073 489 2105 cum
540 2057 838 2118 adjacentibus
890 2055 1086 2102 Tartaris
1139 2054 1442 2115 Scythicisque
1482 2055 1758 2102 nationibus:
1801 2055 1926 2116 plura

391 2132 447 2178 ηὸ
481 2131 606 2178 licuit
640 2132 888 2191 inquirere,
918 2131 1008 2175 imo
1024 2127 1201 2175 difficile
1220 2127 1326 2189 fuit,
1347 2127 1441 2175 haec
1459 2144 1556 2189 quae
1574 2128 1703 2175 retuli
1723 2130 1926 2189 impetra-

392 2219 435 2250 re
470 2204 526 2250 ab
560 2202 672 2263 alijs,
691 2217 792 2249 cum
811 2201 953 2249 Ruffis
971 2201 1161 2248 maxime
1178 2200 1427 2261 displiceat,
1450 2200 1478 2246 fi
1496 2203 1657 2248 exteris
1675 2201 1842 2248 secreta
1859 2217 1925 2249 re-

393 2280 466 2340 gni
501 2275 787 2323 innotescant.

995 2385 1178 2452 Isaac
1228 2384 1445 2451 Maffa
1494 2386 1829 2452 Haerlem.
