2816 3320
404 395 504 442 dem
522 407 638 441 terra
650 393 704 441 ab
723 392 865 442 Insula
882 394 1027 456 Seynfi
1037 395 1164 445 distat
1184 397 1284 445 160.
1303 396 1563 462 Anglicanis
1576 397 1760 458 LeuciS‚
1772 398 1827 447 ad
1840 400 1935 449 alti-

406 466 600 515 tudinem
619 480 693 529 72.
714 467 838 531 grad.
851 467 1017 517 &tunc
1030 469 1209 531 quidem
1230 469 1583 531 Septentrionem
1600 471 1746 520 versus
1764 473 1934 521 cursum

404 541 696 604 navigationis
713 539 868 588 nostroe
888 540 1215 590 instituebamus
1241 557 1308 605 ¹5·
1336 544 1401 591 16.
1423 542 1468 592 &
1494 558 1561 607 17.
1580 544 1666 593 die.

468 612 615 676 Quam
651 612 900 661 affinitatem
934 628 1079 662 autem
1113 615 1244 663 habet
1260 615 1353 664 haec
1371 629 1485 664 terra
1503 616 1587 678 (ab
1606 616 1747 666 Insula
1766 617 1935 678 Seyna‚

413 701 511 734 120.
536 685 795 734 milliaribus
818 686 892 733 fita
916 685 1203 735 Mesocaecias
1220 688 1274 735 ad
1293 686 1390 736 Poli
1407 685 1698 738 elevationem
1716 705 1790 755 72.
1811 690 1931 755 grad.

403 772 504 807 cum
511 772 670 823 magna
683 757 823 807 Insula
838 757 1184 824 Spitsbergenii?
1196 774 1297 808 cum
1313 760 1407 809 haec
1418 761 1493 809 sita
1503 761 1552 809 fit
1564 763 1619 810 ab
1633 762 1778 811 Insula
1792 762 1937 824 Seyna

404 832 458 879 ad
471 830 803 893 Hypertrascias
812 868 826 889 ‚
839 831 893 878 ad
906 832 1180 880 altitudinem
1194 847 1270 896 72.
1286 833 1342 880 ad
1355 834 1428 881 82.
1444 834 1619 898 gradus,
1633 833 1679 884 δι
1691 835 1821 894 ultra3
1834 849 1935 884 cum

404 905 545 952 adhuc
564 906 764 969 ignotum
784 904 830 951 stt
848 903 893 954 &
912 905 1067 963 lateat,
1085 920 1217 968 quam
1230 905 1411 954 ulterius
1425 905 1778 968 Septentrionem
1791 909 1936 956 versus

403 978 443 1025 se
460 977 679 1025 extendat.
704 976 815 1038 Itaq;
835 977 975 1025 Insula
991 978 1094 1025 dicti
1113 976 1318 1042 Hugonis
1336 977 1642 1043 VVillougby‚
1659 980 1705 1029 δι
1718 979 1937 1042 Spitsber-

404 1065 506 1116 gen,
518 1049 592 1097 {ita
608 1049 656 1099 &
674 1050 886 1112 positione
904 1053 1043 1114 magis
1061 1049 1284 1109 differunt,
1296 1054 1384 1112 oua
1402 1050 1490 1112 ipsa
1502 1050 1681 1116 Anglia,
1693 1050 1738 1101 δι
1751 1052 1937 1101 Germa-

403 1126 476 1171 nia
492 1123 637 1170 nostra
650 1122 854 1170 Inferior.
874 1122 1159 1187 Quapropter
1171 1123 1302 1181 illud,
1314 1123 1435 1185 quod
1447 1125 1501 1171 ab
1514 1123 1671 1188 Anglis
1685 1127 1729 1171 in
1742 1126 1824 1173 hac
1836 1140 1938 1173 cau-

403 1197 443 1242 {a
466 1195 701 1260 allegatum
728 1195 811 1253 est,
841 1194 970 1256 plane
993 1195 1055 1243 est
1078 1196 1308 1253 frivolum,
1326 1210 1471 1258 neque
1488 1196 1578 1244 ulla
1593 1199 1776 1244 omnino
1794 1199 1938 1246 nitens

404 1271 570 1316 ratione
589 1282 663 1315 aut
680 1267 987 1324 fundamento;
1017 1268 1263 1330 eodemque
1281 1267 1538 1316 fundameto
1555 1271 1708 1317 nititur
1725 1270 1810 1318 hoc
1828 1285 1938 1331 quo-

403 1356 489 1404 que
507 1354 661 1391 eorum
679 1342 874 1399 axioma,
892 1341 1058 1389 nudum
1077 1343 1283 1389 nimirum
1302 1340 1438 1388 visum
1457 1341 1643 1402 qu'usvis
1661 1355 1812 1400 terrae,
1830 1342 1937 1404 ejus-

403 1414 503 1462 dem
522 1416 835 1475 proprietatem
854 1427 983 1475 atque
1002 1412 1264 1462 Dominium
1282 1414 1510 1461 evidenter
1527 1413 1735 1462 deteetori
1753 1415 1871 1462 dare.

468 1486 759 1534 Manifestum
782 1486 961 1548 quidem
974 1522 989 1544 ‚
1007 1485 1052 1535 δι
1069 1489 1244 1534 veritati
1262 1485 1598 1534 consentaneum
1614 1486 1676 1534 est
1694 1485 1939 1545 Thalamus,

403 1558 637 1621 nautasque
655 1557 824 1606 nostros
843 1559 897 1605 ad
915 1558 1057 1606 lorum
1077 1558 1202 1607 istum
1221 1573 1296 1622 72.
1310 1559 1432 1623 grad.
1446 1558 1609 1607 nullam
1627 1559 1760 1621 quide
1779 1573 1937 1608 terram

405 1631 659 1694 repperisse;
678 1631 749 1678 sed
767 1645 869 1679 cum
889 1645 1033 1693 pateat
1051 1646 1106 1679 ex
1125 1631 1376 1696 Anglicano
1388 1630 1546 1679 Diario
1558 1632 1787 1693 praefatum
1801 1631 1938 1694 Equi-

404 1720 520 1764 tem,
555 1704 893 1752 Occidentalem
917 1718 1047 1765 atque
1065 1703 1339 1751 Orientalem
1359 1719 1461 1752 acus
1480 1704 1642 1765 pixidis
1659 1707 1847 1753 nauticae
1866 1705 1938 1752 In-

405 1778 661 1835 flexionem‚
679 1791 767 1824 non
785 1775 1038 1835 observasse,
1057 1779 1202 1838 itaque
1221 1776 1403 1824 ulterius
1423 1776 1776 1838 Septentrionem
1793 1778 1939 1826 versus

406 1851 488 1898 suae
499 1852 792 1914 navigationis
804 1849 974 1897 cursum
988 1849 1185 1908 instituit,
1192 1863 1324 1911 quam
1337 1850 1424 1911 ipse
1436 1853 1624 1911 putavit:
1639 1852 1710 1913 ita,
1720 1863 1769 1898 ut
1780 1853 1939 1898 verita-

406 1925 438 1971 ti
457 1923 793 1971 consentaneum
811 1922 860 1969 fit
871 1958 886 1981 ‚
903 1937 1004 1970 eum
1023 1921 1228 1986 detegiss'e
1246 1936 1375 1984 atque
1394 1921 1596 1984 reperisse
1608 1925 1707 1971 osto
1726 1923 1823 1971 istas
1842 1939 1939 1984 par—

407 2010 481 2042 vas
501 1995 664 2044 Insulas
682 1995 758 2042 fibi
778 1997 968 2042 invicem
987 2009 1101 2056 pene
1114 1997 1360 2059 contiguam,
1373 1996 1428 2042 ad
1440 1995 1713 2042 altitudinem
1726 2009 1802 2058 73.
1816 1996 1938 2059 grat&

406 2067 451 2117 &
469 2068 627 2130 quasda
643 2070 832 2116 munitas
851 2067 959 2125 litas,
977 2083 1085 2128 quas
1103 2067 1258 2115 nostrae
1275 2070 1567 2132 navigationis
1585 2068 1779 2130 praefeffl
1797 2066 1939 2116 VVil-

407 2140 599 2188 lebrordi
620 2139 781 2188 Insulas
799 2154 1056 2201 nuncupant
1071 2157 1080 2195 ;
1101 2140 1154 2187 ad
1172 2141 1297 2202 cujus
1314 2140 1634 2205 longitudinem
1653 2155 1783 2203 atque
1796 2141 1940 2189 latitu-

408 2213 511 2261 dine
530 2212 672 2261 Insula
690 2211 980 2276 VVillougby
1001 2211 1185 2260 Ponitur
1204 2216 1248 2260 in
1267 2213 1425 2261 tabulis
1443 2212 1638 2260 Londini
1656 2213 1867 2261 confectis
1887 2213 1941 2260 ad

408 2284 532 2332 usum
545 2284 827 2332 ‘Moscoviam
847 2284 892 2333 &
912 2284 1212 2348 Spitsbergam
1230 2284 1376 2332 versus
1391 2287 1690 2349 navigantium
1706 2303 1716 2342 ;
1735 2298 1866 2347 atqua
1883 2288 1941 2333 ita

410 2357 596 2418 ipsaemet
612 2372 766 2405 eorum
784 2356 944 2405 tabulae
961 2360 1151 2404 rationes
1168 2372 1322 2404 eorum
1339 2357 1435 2404 satis
1452 2357 1679 2405 evidenter
1702 2358 1907 2406 refutant.

474 2430 682 2479 Scribunt
695 2445 874 2492 quoque
893 2429 1030 2493 Angli
1048 2428 1302 2490 pra-dietum
1320 2432 1512 2490 equitem
1527 2446 1627 2477 cum
1640 2430 1808 2478 duabus
1821 2432 1941 2476 navi-

410 2504 489 2550 bus
520 2506 563 2549 in
594 2503 829 2565 Lapponia
844 2502 1065 2549 hiemante
1091 2504 1134 2548 in
1153 2500 1316 2549 Fluvio
1334 2500 1558 2549 VVarfina
1576 2518 1675 2550 cum
1695 2502 1819 2562 socijs
1837 2501 1941 2559 suis,

410 2576 433 2620 a
450 2575 699 2622 vehementi
717 2575 884 2639 frigore
902 2576 1212 2635 interemptum
1231 2572 1337 2629 effe5
1363 2576 1620 2635 tertiamque
1639 2590 1794 2622 navem
1807 2610 1822 2632 ‚
1840 2589 1941 2621 cum

412 2646 658 2708 Capitaneo
676 2646 905 2694 Richardo
923 2646 1172 2694 Chanceler
1191 2645 1323 2692 Mare
1343 2645 1489 2693 album
1509 2646 1734 2710 ingressam
1752 2645 1848 2693 ess'e.

475 2719 626 2781 Itaque
639 2719 739 2767 luce
752 2718 992 2766 meridiana
1004 2719 1163 2767 clarius
1175 2718 1252 2776 est,
1265 2717 1449 2765 Insulam
1464 2716 1836 2781 Spitsbergensem
1849 2732 1942 2765 om-

412 2793 539 2840 nibus
572 2791 696 2840 fuisse
731 2794 1026 2855 incognitam,
1064 2806 1193 2853 atque
1228 2793 1348 2852 prius
1383 2792 1406 2837 a
1436 2790 1599 2838 Iacobo
1618 2789 1944 2909 Heemfflexgssi

1913 2879 1926 2909 1
