2816 3320
0 375 49 420 rit
60 409 75 431 ‚

0 460 77 495 nus

0 556 13 582 ,
34 521 81 566 in

0 667 56 712 eti
69 700 82 722 ‚

0 750 85 822 eret

808 266 1060 330 Descriptio
1092 267 1348 314 detestionis
1382 265 1517 314 Freti.

403 340 564 390 menses
597 343 874 403 prospeitum
908 338 1032 399 ess'et,
1047 377 1051 381 .
1064 339 1264 402 nihilque
1297 353 1394 387 toto
1426 341 1582 387 itinere
1607 339 1814 388 alimento
1836 340 1932 405 dig-

403 430 505 465 num
541 416 585 461 in
617 428 772 461 manus
802 427 956 461 eorum
990 412 1227 472 incideret,
1250 413 1327 460 nifi
1351 411 1468 460 forte
1486 412 1621 460 Indus
1637 413 1835 475 quidam,
1852 415 1931 476 qui

405 485 559 535 Crissio
592 485 859 545 MexicanO,
892 485 964 534 seu
998 485 1224 547 Iaponenfi
1259 498 1467 544 armatuS,
1501 485 1639 532 feram
1672 485 1836 543 attulit,
1875 501 1932 534 ex

402 575 491 623 quo
523 557 756 607 Hudsonus
786 557 1074 619 conijciebat,
1108 557 1148 605 se
1182 572 1271 606 non
1300 557 1435 622 longe
1452 573 1477 605 a
1494 557 1748 606 Mexicanis
1766 557 1931 618 abeffe,

402 646 586 695 quorum
619 645 763 690 arma,
791 629 838 680 δι
866 633 1131 679 commercia
1146 630 1342 689 videret,
1361 629 1531 678 Tidem
1549 631 1776 693 praevaluit
1792 631 1930 680 socio-

402 721 497 754 rum
529 702 864 762 malevolentia,
897 706 973 766 qui
1008 702 1291 762 Hudsonum‚
1315 718 1417 752 cum
1435 703 1593 765 reliqui
1611 704 1824 768 praefeffls
1841 704 1930 753 sca—

401 778 486 841 pha
519 776 809 839 exposuerunt
844 778 888 823 in
921 791 1066 834 mare,
1086 775 1161 838 ipsi
1181 778 1364 838 patriam
1382 778 1570 837 petiere,-
1588 792 1717 838 quam
1735 792 1835 825 cum
1853 793 1929 840 ap-

402 847 625 914 pulissent,
659 849 715 896 ab
747 847 885 897 scelus
917 846 1185 896 commissum
1215 850 1259 894 in
1282 862 1480 896 carceres
1497 848 1665 897 detrufi
1681 848 1802 909 sunt,
1820 851 1931 912 ibiq;

402 925 676 980 detinentur,
710 921 853 969 donec
878 919 1111 969 Praefec'tus
1132 935 1282 968 eoruir
1303 919 1537 967 Hudsonus
1554 920 1692 968 salvus
1708 920 1792 969 suis
1809 922 1936 970 resti-

402 1009 566 1053 tuatur,
600 996 656 1042 ab
689 993 763 1055 ijs,
790 995 950 1057 quibus
968 993 1014 1040 id
1031 993 1196 1058 negotii
1216 992 1426 1055 superiori
1440 1008 1560 1040 anno
1576 993 1821 1054 millesime,
1838 995 1930 1043 sex-

402 1067 658 1127 centefimo,
692 1065 737 1116 δι
753 1066 1044 1125 duodecime,
1068 1064 1179 1128 juss'u
1198 1065 1427 1128 Principes
1442 1064 1646 1114 VValliae
1662 1069 1748 1129 piae
1764 1082 1930 1115 memo·

402 1145 502 1201 riae,
531 1139 576 1190 δι
610 1139 920 1188 Praefestorum
949 1137 1109 1187 Ruffiae
1142 1140 1434 1203 navigationis
1466 1137 1735 1188 commissum
1762 1139 1849 1203 est,
1864 1139 1928 1190 ‚de

402 1229 586 1276 quorum
619 1213 764 1262 reditu
796 1213 1000 1277 haetenus
1034 1211 1143 1259 nihil
1179 1212 1448 1270 inauditum,
1469 1212 1574 1260 hirc
1592 1211 1684 1274 spes
1701 1212 1848 1275 aliqua
1863 1212 1928 1260 af-

401 1287 567 1352 fulget,
599 1301 677 1334 eos
710 1285 924 1351 angustias
958 1283 1054 1332 illas
1085 1279 1294 1346 superasse
1322 1299 1407 1331 nec
1430 1284 1676 1346 judicamus
1693 1285 1801 1346 quid
1817 1287 1929 1337 certi
1990 1303 2000 1312 ·

402 1375 479 1408 nos
514 1359 782 1407 inaudituros
815 1357 1062 1420 priusquam
1083 1371 1139 1404 ex
1158 1355 1282 1403 India
1299 1356 1518 1404 Orientali
1536 1357 1773 1417 redierint,
1788 1370 1862 1405 aut
1878 1373 1928 1405 u·

401 1434 445 1480 bi
478 1447 579 1480 cum
612 1430 922 1489 Chinenfibus,
951 1443 1024 1477 aut
1048 1428 1325 1491 Iaponefibus
1341 1428 1415 1476 sua
1430 1428 1739 1494 transegerint,
1756 1430 1928 1477 eadem-

402 1520 485 1567 que
517 1505 589 1552 vifl
621 1506 667 1551 in
702 1502 910 1568 Angliam
927 1501 1159 1550 redierint:
1184 1501 1304 1563 quod
1320 1500 1429 1549 felix
1446 1500 1492 1550 δι
1508 1501 1693 1549 faustum
1710 1501 1759 1548 fit
1776 1516 1928 1563 preca·

400 1592 495 1626 mur
527 1577 672 1625 unice.

462 1648 564 1698 Nec
590 1649 741 1697 fervor
769 1648 845 1696 iste
871 1649 916 1694 in
933 1646 1087 1694 nostris
1105 1645 1581 1694 Amsterodamenfibus
1597 1645 1817 1695 deferbuit
1833 1645 1926 1708 pla-

401 1722 455 1770 ne
466 1759 482 1782 ,
509 1721 801 1785 superioribus
828 1722 946 1768 enim
973 1718 1189 1767 mensibus
1217 1719 1271 1766 ab
1287 1718 1342 1780 ijs
1358 1716 1503 1765 emissa
1518 1717 1582 1765 est
1598 1720 1719 1767 navis
1730 1754 1745 1777 ,
1762 1734 1817 1766 eo
1833 1733 1927 1766 tan-

401 1810 493 1844 tum
507 1792 604 1844 'fine
616 1831 631 1855 ‚
660 1808 709 1843 ut
725 1794 780 1842 de
796 1792 973 1841 transitu
983 1827 998 1851 ,
1015 1791 1088 1839 vel
1105 1790 1242 1839 Freto
1259 1789 1457 1839 Hudsoni
1475 1792 1714 1853 inquireret
1725 1827 1741 1850 ,
1757 1790 1803 1842 &
1819 1799 1926 1839 num

401 1867 651 1929 commercij
687 1866 810 1915 locus
844 1865 892 1912 fit
920 1867 965 1912 in
994 1864 1082 1911 istis
1108 1865 1224 1924 oriS,
1251 1863 1280 1910 fi
1297 1878 1407 1911 vero
1423 1877 1606 1912 eventus
1621 1865 1735 1912 vot'is
1752 1879 1841 1912 non
1858 1879 1926 1911 re-

401 1940 629 2003 spondeat,
665 1932 711 1987 in
744 1939 850 1987 Oris
882 1936 1028 1986 Novae
1061 1935 1262 1984 Franciae
1294 1937 1655 2001 negotiabuntur.
