2816 3304
0 562 3 569 .
22 525 84 568 vi-

0 610 87 642 non

0 667 88 715 lide

5 755 90 788 tra-

25 829 93 861 or-

0 888 95 934 affls

27 958 98 1006 ad-

0 1035 99 1080 tiam

0 1105 103 1152 >len-

0 1195 11 1225 ς
29 1177 105 1225 sus-

3 1252 106 1297 lice-

11 1325 109 1371 bea-

0 1411 86 1445 :ere
98 1431 111 1452 ,

2 1486 22 1517 s
39 1485 112 1530 ap-

0 1555 115 1590 erant

0 1629 119 1662 rento

3 1761 123 1807 suum

44 1833 125 1879 foe-

12 1923 32 1953 r
51 1902 125 1953 ebs

27 1994 45 2025 s
63 1993 129 2024 re-

12 2123 133 2172 ubla-

10 2222 12 2240 κ
27 2195 135 2244 acne

29 2270 138 2317 divi-

13 2365 26 2384 »ι
37 2355 139 2390 num

39 2491 146 2536 nita-

29 2574 147 2622 mpe-

21 2635 149 2683 iliari-

19 2732 22 2751 ι
79 2720 151 2768 pa·

28 2777 152 2829 cifice

366 377 491 425 cifice
534 376 819 438 poffidenteS,
860 379 920 424 ita
958 391 1004 424 ut
1044 375 1341 439 potentissimi,
1386 376 1781 440 opulentissimique
1824 378 1900 426 s1nt

366 449 409 500 &
447 450 712 507 habeantur,
754 448 981 511 nullusque
1022 450 1069 497 {it
1102 450 1319 498 honorum
1353 449 1398 500 &
1434 449 1695 513 dignitatum
1729 450 1898 498 moduS.

428 521 737 571 Deliberatum
774 525 862 569 imo
892 522 1094 571 statutum
1123 523 1212 585 jam
1248 523 1364 584 apud
1399 521 1634 578 MoschOS,
1669 522 1902 588 deligenda

367 594 419 642 ad
435 594 599 643 flumen
618 595 747 655 Oby,
765 593 810 644 &
829 593 1024 642 finitimis
1042 593 1345 659 Regionibus,
1364 594 1484 653 loca,
1502 609 1655 643 natura
1672 595 1742 643 sua
1760 599 1901 643 muni-

366 681 425 725 ta,
461 681 510 715 ut
541 670 585 715 in
614 667 667 729 ijs
685 667 869 726 struant,
888 666 934 717 &
953 667 1215 729 praesidiario
1232 667 1370 715 milite
1390 667 1562 716 firment
1580 669 1738 732 Arces,
1759 684 1902 731 eoque

366 741 538 787 mittant
574 739 931 788 Gubernatorem
965 739 1192 801 publicum
1228 742 1304 800 qui
1338 742 1478 803 magis
1501 755 1551 789 ac
1574 744 1711 806 magis
1735 743 1903 789 vicinas

367 827 500 861 terras
535 813 734 877 detegat,
765 828 991 877 regnoque
1010 813 1203 875 adjiciat:
1235 810 1336 860 Nec
1354 812 1497 860 defuit
1514 828 1696 861 eventus
1714 817 1902 875 primum

366 888 481 933 enim
521 885 686 934 strustae
721 888 818 934 sunt
852 886 1007 933 validae
1043 902 1164 934 arces
1182 886 1368 948 aliquot,
1388 885 1443 932 ad
1461 885 1645 933 formam
1664 885 1903 934 Murorum

368 958 673 1018 Gallicorum,
709 960 905 1007 trabibus
939 959 1113 1007 direffis
1147 961 1370 1021 perpetuis
1390 961 1435 1005 in
1454 958 1791 1023 longitudinem,
1819 959 1904 1006 sme

369 1027 507 1090 saxis,
543 1032 721 1092 paribus
748 1031 1014 1090 intervallis,
1037 1047 1135 1093 quae
1153 1027 1294 1078 multo
1312 1045 1473 1096 aggere
1492 1032 1606 1079 intus
1624 1030 1906 1079 effarciuntur
1981 1053 1986 1058 ·

367 1103 499 1165 usque
543 1104 597 1151 ad
637 1103 792 1152 iustam
837 1103 1133 1161 altitudinem,
1170 1119 1270 1166 quae
1309 1103 1458 1165 postea
1492 1104 1689 1164 praefidio
1727 1107 1906 1151 munitae

368 1176 473 1224 sunt.
522 1176 755 1239 Tantaque
790 1179 833 1223 in
868 1177 962 1224 dies
995 1192 1050 1223 eo
1084 1179 1271 1224 mittitur
1304 1176 1530 1224 hominum
1563 1176 1825 1234 multitud0,
1860 1191 1907 1224 ut

367 1248 592 1298 nonnullis
627 1250 739 1298 locis
769 1250 856 1311 Jam
892 1249 1087 1297 colleftae
1115 1249 1194 1296 {int
1228 1251 1450 1307 civitates,
1485 1248 1509 1295 ὲ
1529 1248 1733 1307 Polonie,
1752 1248 1906 1296 Tarta-

369 1324 446 1381 riS,
482 1322 626 1370 Russis
661 1322 845 1385 alijsque
879 1323 1131 1370 nationibus
1166 1325 1279 1369 inter
1307 1321 1347 1370 se
1381 1324 1543 1370 mixtis.
1585 1322 1754 1370 Omnes
1788 1326 1906 1370 enim

368 1395 541 1453 exules,
559 1395 814 1454 homicidae,
832 1396 1081 1456 proditores
1094 1431 1108 1453 ,
1126 1394 1245 1442 fures
1264 1393 1310 1444 &
1327 1397 1403 1456 qui
1422 1408 1562 1442 morte
1580 1394 1705 1459 digni
1723 1395 1778 1442 eo
1796 1395 1908 1442 rele-

368 1482 551 1532 gantur:
587 1483 776 1530 quorum
804 1467 1006 1515 nonnulli
1040 1466 1294 1528 aliquandiu
1329 1469 1372 1513 in
1407 1467 1596 1514 vinculis
1630 1467 1907 1525 detinentur,

370 1541 505 1603 aliqui
541 1541 679 1589 libere
713 1543 870 1588 vivunt
905 1541 1072 1602 aliquot
1107 1542 1252 1598 annis,
1281 1539 1475 1601 respestu
1491 1538 1662 1587 sceleris
1680 1540 1908 1599 commisti,

369 1614 472 1662 hinc
506 1613 731 1676 populosae
765 1613 941 1661 tandem
975 1613 1232 1661 coalverunt
1266 1612 1493 1659 hominum
1526 1611 1768 1676 societateS‚
1811 1628 1909 1674 quae

370 1687 454 1733 una
488 1701 592 1734 cum
626 1687 802 1734 arcibus
836 1688 1056 1750 integrum
1087 1685 1328 1732 conficiunt
1361 1699 1567 1749 regnum,
1586 1684 1909 1733 confluentibus

370 1774 425 1806 eo
458 1759 657 1825 quotidie
691 1758 841 1807 multis
875 1761 1088 1806 tenuioris
1121 1758 1311 1806 fortunae
1332 1758 1608 1816 hominibus,
1639 1773 1687 1806 ut
1708 1758 1909 1806 fruantur

372 1834 740 1890 immunitatibus,
776 1832 836 1879 ibi
871 1831 1092 1879 concessis.

436 1905 509 1952 Isti
534 1908 686 1953 tractui
711 1919 873 1952 nomen
895 1904 957 1952 est
989 1903 1295 1961 SIBERIA,
1325 1905 1423 1952 urbi
1443 1906 1489 1949 in
1506 1918 1560 1951 eo
1577 1904 1800 1952 exstruffitae
1830 1903 1916 1971 817

373 1976 533 2036 BER,
568 1978 648 2025 sub
683 1980 858 2025 initium
887 1977 1141 2035 facinorosi,
1175 1978 1253 2025 ubi
1281 1975 1715 2024 inaudiss'entnomen
1736 1976 1910 2024 SIBE-

372 2049 541 2109 RIAE,
576 2065 665 2098 non
700 2050 827 2098 aliter
849 2051 1223 2113 expavescebant,
1242 2065 1372 2111 quam
1390 2041 1588 2114 flagitiosi
1606 2051 1724 2111 apud
1741 2050 1911 2098 Amste-

373 2123 646 2171 rodamenses
685 2123 903 2171 famosum
944 2122 1053 2170 illud
1091 2122 1202 2169 PIS
1219 2121 1316 2169 TR
1333 2121 1562 2182 INVM,
1596 2123 1911 2187 ablegabantur

373 2199 490 2243 enim
525 2195 664 2244 statim
696 2196 1101 2254 Siberiam‘versus,
1115 2196 1203 2257 jam
1220 2211 1329 2243 vero
1345 2211 1488 2258 poenae
1507 2196 1624 2244 istius
1641 2196 1910 2258 frequentia,

374 2268 480 2330 abijt
517 2272 563 2316 in
597 2282 889 2327 contemtum,
906 2267 1164 2330 -Optimatis
1197 2268 1361 2328 adhuc,
1396 2268 1444 2318 δι
1479 2269 1651 2325 nobiles
1669 2268 1844 2316 Moschi
1862 2269 1911 2315 fi-

374 2342 552 2403 quando
586 2344 865 2390 incurrerunt
898 2344 946 2388 in
978 2340 1197 2403 Principis
1227 2341 1601 2406 indignationem,
1628 2341 1810 2390 Siberiae
1833 2356 1912 2389 no-

374 2428 474 2461 men
510 2416 845 2473 abominantur,
879 2429 981 2463 cum
1015 2414 1130 2476 saepe
1164 2415 1219 2461 eo
1250 2413 1526 2479 ablegentur,
1555 2430 1657 2463 cum
1680 2415 1769 2463 tota
1786 2415 1912 2461 fami-

376 2486 452 2546 lia,
486 2489 566 2535 ubi
596 2487 878 2553 Magistratui
905 2487 1197 2550 subjiciuntur
1213 2487 1319 2534 dum
1338 2487 1617 2549 Imperatoris
1641 2490 1705 2534 ira
1720 2487 1913 2545 sedetur,

374 2557 422 2607 &
456 2562 501 2606 in
536 2563 721 2622 patriam
756 2574 1031 2608 revocantur.
1337 2622 1382 2670 D
