2816 3288
0 443 104 505 istlijs

0 662 113 710 itura

0 734 113 793 ulum

0 823 20 855 Γ
34 822 116 856 cae-

0 894 118 928 vam·

16 1040 122 1088 ope·

19 1093 124 1163 gen-

0 1187 47 1220 ιιι
61 1169 126 1219 ef-

0 1244 130 1294 elesa

0 1320 106 1366 erint
115 1352 131 1375 ‚

0 1390 134 1448 iheu,

12 1463 135 1512 felici

0 1551 46 1585 m
63 1549 137 1585 au-

0 1609 139 1658 {ditus-

15 1827 146 1876 the·

8 1899 148 1950 culter

32 2128 153 2185 genn

10 2195 63 2240 is
87 2187 156 2239 of·

11 2290 17 2304 ·
34 2262 157 2312 nefi-

31 2338 160 2395 lico,

35 2571 60 2604 a
75 2567 165 2603 am·

47 2770 172 2822 ,vum

937 297 1058 363 Regi
1087 297 1208 359 Hisp.
1243 298 1394 345 oblati.

388 387 491 421 vum
531 372 706 419 Orbum
740 372 890 435 detegi
924 371 1063 434 poffe,
1093 387 1183 418 non
1201 371 1362 418 destitit
1379 370 1584 418 molestus
1601 369 1681 418 effe
1702 370 1823 435 Regi
1842 371 1938 429 suo,

388 459 433 493 ut
467 444 589 506 possit
623 444 793 492 demitti
830 447 876 491 in
910 459 1008 491 oras
1044 458 1237 501 exteras,
1272 444 1412 491 multo
1445 446 1587 492 minus
1613 444 1937 492 mihidefisten-

388 518 516 575 dum,
552 527 653 565 cum
687 517 760 563 fim
795 530 940 565 certus
970 517 1026 563 de
1045 517 1125 564 fitu
1142 531 1290 563 earum
1309 518 1560 580 regionum,
1581 517 1629 565 ὅτ.
1646 517 1736 565 sum
1755 517 1871 564 testis
1888 532 1936 565 o-

389 589 571 638 culatus.
610 589 809 651 Supplex
846 591 977 653 igitur
1011 588 1141 652 Rege
1169 604 1270 646 oro,
1288 603 1335 636 ut
1353 604 1409 636 ex
1427 588 1620 637 millibus
1638 589 1868 650 remedijs‚
1887 606 1936 637 u-

389 678 492 710 num
529 662 809 721 decernatur,
847 676 895 709 ut
923 664 1014 709 voti
1050 676 1231 723 compos
1249 662 1426 720 reddar,
1446 661 1493 709 &
1510 663 1629 709 bono
1647 663 1733 710 hoc
1751 662 1872 724 quod
1890 665 1935 709 in

389 735 588 782 manibus
606 733 694 792 est,
729 734 816 782 frui
853 734 982 782 liceat
994 770 1009 792 ‚
1033 738 1093 781 ηὸ
1111 749 1188 780 ero
1206 733 1414 792 difficilis,
1432 737 1539 795 quin
1558 738 1728 783 muneri
1746 751 1846 783 meo
1864 751 1934 783 me

391 823 478 855 non
514 808 768 855 defuturum
802 807 1010 869 spondeo.
1050 806 1246 870 Regium
1274 809 1356 853 erit
1380 806 1516 854 fraena
1539 807 1720 868 inijcere
1744 808 1933 866 Satanae,

389 883 518 942 eique
555 882 706 945 iugum
741 883 988 942 imponere,
1024 882 1101 941 qui
1137 881 1222 925 iam
1256 878 1506 926 dominatur
1541 880 1592 940 ijs
1626 882 1851 944 gentibus,
1886 895 1934 927 tu

390 953 490 1000 Rex
527 955 758 1014 imperium
792 952 982 1014 suscipe,
1017 952 1068 998 fis
1104 951 1201 1012 ipfis
1233 951 1447 999 Patronus
1466 952 1726 1000 &salvator.
1759 951 1860 1000 Hoc
1885 968 1934 999 u—

389 1040 491 1073 num
526 1039 630 1086 peto
666 1025 715 1073 ἀ
748 1040 873 1089 rogo.
