2816 3320
0 362 95 409 [lmo

0 451 97 483 cens

0 508 98 555 alte-

0 606 1 610 =
20 581 97 628 est:

0 656 101 700 triti-

0 742 12 773 1
30 727 103 774 co-

0 814 102 862 tere,

0 889 16 920 ε
34 872 107 919 de-

0 945 108 992 ithe-

0 1032 22 1065 .t
39 1033 111 1064 ve-

0 1107 29 1137 *e
69 1092 112 1137 in

0 1178 115 1211 com-

0 1252 116 1301 goro-

1 1310 118 1357 diru-

0 1383 23 1431 'e
41 1382 119 1430 sus-

0 1471 121 1503 mum

10 1531 123 1590 peri-

0 1617 124 1663 mque

26 1690 129 1739 gen-

3 1748 129 1795 lecta-

3 1841 24 1882 *⁰-
33 1835 131 1870 nam

16 1894 133 1940 liari-

7 2076 39 2098 .,
67 2039 136 2086 vel

15 2136 28 2156 ο
38 2115 137 2173 ique

11 2186 138 2248 plane

11 2345 142 2379 -rcem

52 2419 144 2451 mus

19 2498 33 2521 ο
75 2492 147 2542 ge·

15 2575 16 2590 1
59 2564 149 2597 atu-

57 2625 150 2671 uni-

18 2711 47 2744 n
66 2710 152 2758 quo

37 2782 154 2818 arum

384 380 571 428 ferarum
605 377 650 427 &
673 380 819 425 avium
839 378 1070 437 chiliades,
1099 379 1201 427 hinc
1220 379 1394 427 tandem
1414 379 1570 427 incolis
1587 379 1747 438 ditata,
1765 395 1915 429 excre-

384 456 443 500 vit
480 455 525 499 in
560 454 805 510 civitatem,
839 467 1028 514 cumque
1052 452 1127 499 fita
1154 452 1201 500 fit
1225 455 1270 499 in
1288 452 1593 512 Euronotum,
1612 452 1665 514 ijs
1685 453 1728 500 id
1747 455 1912 519 negotij

384 527 529 574 datum
559 525 639 584 est,
663 540 711 572 ut
730 525 784 571 ad
802 525 1036 584 ulteriora,
1054 524 1351 587 calidioraque
1370 526 1469 574 loca
1486 527 1753 587 pedetentim
1772 527 1914 576 ascen-

383 601 560 656 derent,
599 598 644 648 &
678 598 841 645 sincere
876 599 1040 660 ubique
1070 601 1367 662 negotiaretur
1385 601 1536 647 obvias
1554 601 1744 662 quasque
1761 615 1915 665 gentes

383 673 625 720 humaniter
658 672 889 718 tractarent
907 706 921 729 ,
951 675 1047 733 qu<⁴
1075 671 1202 719 latius
1226 672 1401 719 tandem
1425 687 1681 737 regnarent,
1705 673 1750 722 &
1773 673 1914 722 Ruffi-

383 760 479 793 cum
528 746 761 806 imperium
796 744 1132 801 extenderetur,
1166 760 1354 806 cumque
1388 748 1602 810 gregatim
1636 746 1743 808 saepe
1779 762 1913 795 terras

384 819 609 864 interiores
643 815 933 879 explorassent
966 817 1080 864 ultra
1109 819 1253 865 cetum
1288 817 1456 877 leucas,
1491 819 1785 867 amaeniffimos
1818 823 1913 882 qui-

382 892 500 949 dem,
535 889 606 937 sed
639 890 884 938 cultoribus
919 906 1080 938 vacuos
1110 892 1306 938 invenire
1324 894 1507 949 trastus,
1525 892 1596 939 sed
1613 892 1772 940 abhinc
1790 895 1913 941 annis

381 965 559 1021 decem,
593 979 694 1011 cum
725 963 903 1011 adverso
931 962 1110 1010 flumine
1129 963 1258 1024 Oby,
1274 964 1434 1012 duceta
1450 964 1619 1011 milaria
1635 964 1913 1026 superassent,

382 1041 424 1083 in
458 1039 684 1101 regionem
719 1051 809 1083 non
841 1039 985 1083 minus
1018 1037 1218 1095 uberem,
1242 1052 1373 1098 quam
1399 1052 1611 1084 amoenam
1641 1038 1914 1097 inciderunt,

381 1109 601 1157 moderate
636 1109 849 1168 calidam,
884 1108 1009 1157 nullo
1043 1109 1167 1171 paene
1202 1110 1485 1157 incommodo
1513 1109 1808 1168 laborantem,
1837 1111 1913 1158 fri·

380 1184 559 1248 goribus
602 1183 807 1230 omnibus
848 1182 1057 1240 liberam:,
1102 1182 1202 1230 hinc
1242 1183 1412 1230 occafio
1445 1182 1592 1230 oblata
1624 1183 1836 1231 redeundi
1869 1187 1912 1230 in

382 1255 620 1317 Siberiam,
665 1269 797 1317 atque
844 1254 1104 1316 Imperatori
1145 1255 1388 1303 Moscoviae
1427 1256 1710 1320 significandi.
1756 1257 1833 1304 ubi
1868 1257 1912 1303 id

380 1331 587 1390 temporis
621 1329 862 1390 imperabat
899 1327 1129 1375 BORIS
1166 1326 1695 1387 GODDENOOF,
1724 1331 1797 1376 cui
1827 1330 1911 1377 hoc

380 1416 492 1449 curae
527 1416 671 1460 erant,
708 1401 813 1448 ilico
837 1403 881 1447 in
916 1401 1128 1448 mandatis
1156 1401 1276 1448 dedit
1304 1401 1604 1449 Gubernatori
1635 1401 1836 1459 Siberiae,
1864 1417 1911 1450 ut

379 1474 573 1522 colonias
607 1491 662 1522 eo
695 1476 909 1530 mitteret,
943 1475 1184 1535 urbemque
1215 1474 1447 1532 conderet,
1464 1490 1546 1522 nec
1565 1477 1703 1522 caruit
1720 1474 1911 1522 succeffi-

379 1550 477 1607 bus,
513 1548 677 1595 Arcem
696 1547 836 1594 statim
860 1547 1079 1604 condidit,
1098 1546 1185 1594 loci
1203 1550 1501 1609 oportunitate
1514 1584 1527 1606 ,
1546 1546 1590 1596 &
1608 1547 1749 1594 forma
1767 1547 1911 1609 super-

379 1623 502 1679 bam,
537 1620 748 1682 adjunffis
782 1619 1005 1668 nonnullis
1039 1619 1241 1679 castellis,
1265 1635 1313 1667 ut
1338 1635 1457 1668 nunc
1475 1635 1635 1668 nomen
1653 1621 1773 1667 urbis
1791 1620 1911 1668 audi-

379 1708 418 1740 at
462 1693 631 1751 Toom,
675 1693 798 1754 quod
837 1692 1134 1740 intellexerint
1173 1693 1457 1741 Tartarorum
1496 1693 1820 1741 multitudinem
1855 1695 1910 1741 eo

379 1767 463 1814 loci
497 1766 605 1814 olim
639 1765 894 1824 consedisse,
930 1767 954 1813 a
986 1767 1147 1828 quibus
1179 1767 1272 1814 haec
1307 1768 1409 1814 urbs
1443 1768 1503 1814 ob
1528 1768 1732 1813 eximiam
1749 1766 1850 1814 {itus
1868 1782 1910 1814 a-

377 1842 642 1886 moenitatem
676 1839 808 1887 nome
842 1840 929 1887 hoc
953 1842 1146 1901 accepit,
1169 1855 1356 1901 quorum
1378 1839 1481 1887 Rex
1505 1854 1596 1887 erat
1618 1839 1778 1900 Altyn,
1807 1840 1909 1887 hinc

378 1913 609 1961 multarum
648 1914 847 1977 gentium
888 1912 998 1960 locis
1042 1913 1354 1974 campestribus
1400 1913 1440 1960 se
1488 1913 1777 1961 detinentium
1816 1913 1909 1960 haec

378 1984 491 2033 Vrbs
527 1988 715 2047 impetus
749 1984 857 2047 saepe
891 1985 1107 2045 sustinet,¹
1132 2000 1249 2034 nunc
1279 2002 1387 2033 vero
1415 2001 1516 2033 cum
1534 1987 1700 2032 viribus
1717 1985 1763 2034 &
1781 1988 1910 2032 armis

377 2058 536 2117 valeat,
583 2060 626 2105 in
670 2057 881 2122 Regnum
924 2072 1088 2106 novum
1128 2058 1284 2123 surget.
1353 2059 1576 2106 Caeterum
1611 2061 1723 2105 intra
1755 2060 1909 2106 urbem

379 2131 519 2179 Toom
532 2168 546 2190 ,
581 2130 626 2180 ὅ(
660 2144 807 2179 arcem
836 2130 1117 2192 Narmiscoy,
1135 2130 1180 2180 δι
1198 2131 1423 2191 Sibiriam,
1442 2132 1773 2194 quamplurimae
1790 2132 1909 2179 dete-

377 2220 536 2269 guntur
559 2220 735 2270 gentes,
770 2221 867 2267 quae
889 2205 930 2253 se
951 2204 1130 2252 Ostacki
1149 2208 1395 2264 nominant,
1413 2204 1459 2254 δι
1478 2220 1578 2253 cum
1593 2205 1814 2263 Tamaris,
1835 2205 1909 2252 Sa-

378 2279 578 2340 mojeuiS,
612 2277 657 2328 &
691 2278 836 2326 Ruffis
873 2281 918 2325 in
953 2293 1089 2326 unum
1103 2278 1192 2339 jam
1210 2294 1371 2339 corpus
1389 2278 1619 2336 co'aluere,
1638 2278 1777 2325 amice
1797 2280 1909 2324 inter

377 2351 413 2399 se
445 2354 744 2417 negotiantes,
786 2367 892 2400 auro
926 2350 1139 2413 varijsque
1174 2353 1387 2399 mercium
1420 2352 1670 2415 generibus.
1743 2351 1909 2414 Quam-

377 2424 550 2485 plurimi
586 2425 682 2486 ipfis
711 2425 863 2489 Reges
900 2426 1170 2485 imperitant,
1194 2424 1344 2486 quales
1364 2427 1407 2470 in
1427 2424 1572 2482 India,
1590 2439 1679 2470 non
1699 2424 1831 2488 longe
1850 2424 1908 2470 la-

377 2511 501 2559 teque
536 2498 829 2545 dominantes:
866 2497 912 2546 &
945 2513 1033 2545 uno
1067 2498 1205 2544 verbo
1227 2497 1392 2555 dicam,
1419 2496 1595 2544 Moschi
1614 2499 1658 2543 in
1678 2496 1755 2543 illo
1773 2498 1908 2544 trastu

377 2570 653 2618 incredibiles
686 2570 835 2618 fecere
869 2569 1115 2635 progress'us
1148 2568 1193 2618 δι
1226 2570 1456 2618 ulteriores
1491 2569 1721 2631 speramus.
1789 2568 1909 2615 Intra

377 2641 475 2704 Oby
510 2642 556 2692 &
591 2643 743 2704 Iyrtim
779 2642 963 2691 Fluvios
999 2642 1330 2705 quamplurimae
1359 2658 1508 2700 arces,
1526 2641 1736 2703 urbesque
1755 2641 1907 2689 condi-

377 2728 425 2761 tae
458 2715 579 2775 sunt,
613 2717 668 2764 eb
702 2716 798 2764 fere
832 2731 1031 2778 tempore
1054 2730 1155 2764 cum
1179 2715 1441 2763 Tobolscam
1460 2714 1726 2772 conderent,
1744 2714 1904 2775 opibus

1819 2801 1908 2848 jam
