2808 3336
1009 381 1283 433 VVilhelmo
1302 380 1528 439 Bernardi‚
1540 379 1585 429 δί
1599 379 1763 428 Ioanne
1776 378 1995 440 Cornelij,
2009 378 2230 441 (auspicio
2242 379 2288 429 &
2301 379 2545 442 sumptibus

1011 456 1218 503 Civitatis
1236 453 1610 502 Amstelodamefis
1625 452 1938 516 Magistratus)
1952 467 2047 499 eam
2059 450 2142 499 effe
2155 452 2368 500 detectam
2389 469 2404 500 1
2413 469 2456 515 9.
2472 454 2545 501 Iu-

1010 529 1071 590 nij
1085 565 1100 588 ‚
1118 529 1253 575 Anno
1278 527 1409 588 1596.
2309 584 2315 588 .

1076 601 1233 649 Cuivis
1250 599 1296 649 δι
1314 599 1423 647 illud
1441 612 1593 646 notum
1611 598 1672 646 est
1684 634 1698 657 ,
1717 613 1849 660 quam
1867 597 2047 645 absurde
2065 596 2111 646 &
2129 612 2282 645 contra
2299 601 2547 658 veritatem,

1011 674 1149 738 Angli
1175 673 1359 720 Insulam
1390 671 1764 735 Spitsbergensem
1789 670 2136 718 Groenlandiam
2160 673 2415 728 nominent,
2443 686 2547 719 cum

1010 763 1074 794 eae
1089 747 1295 814 regiones
1311 744 1451 812 multo
1465 744 1639 808 longius
1651 743 1695 793 &
1709 746 1865 790 maiori
1878 743 2023 805 spacio
2036 745 2149 790 inter
2161 743 2201 790 se
2213 743 2372 791 distent
2382 780 2398 802 ,
2415 758 2548 805 quam

1010 818 1242 882 Norvegia
1259 818 1314 864 ab
1332 816 1423 879 ipsa
1444 816 1607 874 Scotia‚
1620 816 1901 863 interlibente
1919 818 2126 863 nimirum
2143 815 2326 877 spatioso
2344 816 2547 864 Oceano.

1074 891 1213 955 Quod
1237 890 1292 937 ad
1313 889 1548 937 secundum
1578 889 1828 954 Anglorum
1856 902 2162 952 argumentum
2186 892 2367 947 attinet,
2385 890 2549 936 nimirfi

1010 979 1163 1012 omnes
1183 962 1349 1011 Insulas
1369 962 1723 1024 Septentrionem
1741 961 1885 1009 versus
1898 961 1993 1008 {itas
2006 960 2148 1025 Regis
2161 961 2222 1009 sui
2234 961 2318 1009 ess'e
2331 965 2548 1024 proprias,

1012 1053 1101 1085 tam
1119 1037 1307 1084 detestas
1324 1035 1494 1083 scilicet
1511 1050 1641 1096 quam
1659 1035 1801 1082 adhuc
1814 1034 2096 1098 detegendas,
2109 1034 2196 1081 hoc
2208 1037 2393 1082 omnino
2405 1035 2549 1083 absur-

1012 1111 1117 1158 dum
1129 1109 1206 1167 est,
1218 1124 1360 1170 neque
1373 1108 1637 1155 refutatione
1649 1108 1849 1172 dignum,
1862 1109 2083 1168 praecipue
2096 1121 2204 1153 vero
2215 1106 2409 1168 respectu
2420 1107 2549 1170 hujus

1014 1182 1166 1230 Insulae
1181 1180 1642 1245 Spitsbergenfis‚cum
1655 1196 1722 1238 ea,
1729 1195 1874 1241 neque
1888 1180 1981 1237 fitu,
1995 1194 2138 1240 neque
2150 1181 2377 1227 vicinitate
2391 1181 2550 1245 Angli-

1013 1270 1082 1301 am
1101 1266 1353 1311 concernet,
1371 1267 1515 1319 neque
1533 1254 1587 1300 ab
1605 1253 1765 1316 Anglis
1783 1255 1904 1313 prius
1921 1265 2095 1313 reperta
2112 1251 2173 1299 fit.
2194 1251 2312 1299 Nam
2330 1268 2410 1300 cur
2428 1252 2550 1302 Insu-

1012 1328 1066 1375 1ae
1084 1326 1222 1384 Fero,
1242 1324 1461 1383 Yssandia,
1474 1324 1713 1372 Frissandia
1731 1327 1866 1389 igitur
1885 1324 2129 1385 Majestatis
2148 1324 2230 1372 suae
2248 1328 2440 1387 propriae
2456 1340 2549 1373 non

1013 1400 1113 1447 sunt
1124 1400 1146 1446 ‘2
1157 1413 1245 1446 ,cur
1258 1413 1346 1446 non
1360 1397 1691 1445 Groenlandia‘?
1704 1412 1806 1446 cum
1818 1413 1881 1446 eae
1893 1397 2026 1461 longe
2041 1397 2297 1445 Brittanniae
2310 1401 2550 1447 viciniores

1012 1473 1122 1519 fint‘?
1140 1470 1247 1518 Esto
1266 1486 1409 1525 autem
1428 1470 1610 1518 Terram
1624 1470 1839 1528 Firmam,
1854 1470 2094 1517 Insulamve
2109 1470 2241 1518 alicui
2256 1469 2341 1518 effe
2354 1474 2549 1533 propria,

1014 1560 1069 1592 an
1089 1545 1189 1592 ideo
1206 1545 1474 1606 sequeretur,
1493 1542 1869 1608 navigationem&
1881 1543 2180 1605 piscationem,
2196 1543 2461 1606 (secundum
2475 1544 2549 1592 Ius

1014 1617 1208 1666 naturale
1226 1616 1273 1667 &
1290 1619 1487 1664 omnium
1505 1616 1780 1679 Nationum)
1802 1618 2050 1682 cuivis-non
2068 1617 2247 1677 patere?
2265 1614 2365 1664 Hac
2379 1619 2549 1664 ratione

1015 1689 1137 1737 Galli
1154 1704 1299 1751 neque
1316 1704 1469 1737 eorum
1488 1689 1657 1753 Reges,
1669 1703 1862 1750 unquam
1875 1688 2158 1750 piscationem
2171 1689 2225 1736 ad
2236 1704 2397 1736 novam
2409 1688 2549 1738 Fran-

1014 1766 1128 1811 ciam
1145 1763 1217 1810 vel
1235 1762 1418 1810 Terram
1437 1765 1552 1810 nova
1574 1765 1739 1809 nemini
1767 1762 2107 1820 interdixerunt,
2136 1766 2196 1809 no
2213 1762 2410 1810 obstante
2427 1763 2549 1825 quod

1013 1851 1087 1883 eas
1104 1838 1307 1900 regiones
1324 1837 1468 1897 primo
1486 1835 1619 1882 Anno
1645 1848 1777 1896 1504.
1798 1837 1918 1895 prius
1935 1834 2213 1899 detegiss'ent‚
2233 1836 2384 1897 ibique
2396 1836 2548 1897 piscati

1014 1907 1200 1956 fuiffent.
1237 1907 1313 1955 Ob
1329 1924 1437 1970 quas
1455 1909 1632 1969 quidem
1651 1910 1841 1955 rationes
1861 1907 2137 1970 sperandum,
2164 1907 2548 1970 firmiterque-cre-

1014 1982 1206 2029 dendum
1224 1980 1306 2038 est,
1326 1980 1561 2028 Britanniae
1579 1995 1728 2043 regem
1748 1980 1854 2042 (qui
1868 1980 1966 2041 jure
1983 1983 2154 2041 optimo
2166 1980 2298 2028 deum
2310 1983 2465 2029 timere
2479 1982 2549 2042 ju-

1015 2053 1259 2114 stitiamque
1278 2053 1424 2100 colere
1443 2053 1641 2115 tenetur)
1655 2051 1840 2109 subditis
1852 2052 1934 2099 suis
1947 2051 2140 2114 expresse
2152 2052 2474 2112 mandaturum,
2493 2068 2549 2100 ne

1015 2126 1192 2188 posthac
1211 2141 1342 2173 naves
1359 2126 1523 2173 nostras
1540 2128 1677 2191 magis
1696 2125 1920 2188 infestent,
1945 2139 2206 2190 oppugnent
2222 2126 2293 2173 vel
2310 2127 2549 2174 obturbent

1014 2198 1061 2248 &
1082 2198 1320 2247 secundum
1344 2198 1521 2247 Iustitiae
1543 2214 1739 2248 normam
1751 2235 1766 2256 ‚
1792 2198 1959 2247 illatum
1977 2198 2184 2247 damnum
2202 2202 2257 2248 cii
2274 2201 2397 2246 omni
2415 2202 2549 2261 aequi-

1017 2286 1103 2320 tate
1121 2286 1323 2334 reparent
1338 2271 1384 2321 &
1402 2271 1645 2320 resarciant.

1654 2416 1901 2464 FINIS.

2762 1986 2808 2015 CO
