2824 3320
194 645 211 663 εζ
196 389 211 636 “nemmem
209 415 211 419 ⁴
195 187 212 386 samiae-'‘⁴2:-
196 177 199 181 ·
188 127 210 167 ,ζζ
187 114 204 120 -Ϊ
187 57 197 82 ⁴²
197 10 198 13 „

1008 2329 1213 2385 moritur,
1249 2328 1305 2375 cu
1333 2325 1527 2375 n'c'mullis
1553 2325 1774 2375 Praefectis
1793 2328 2003 2375 cosultius
2017 2328 2240 2389 judicarfit
2257 2344 2305 2377 ut
2323 2329 2466 2392 quisqz,
2501 2332 2543 2375 in

231 2440 236 2459 ς
1008 2401 1192 2460 patriam
1228 2399 1344 2447 suam
1361 2399 1414 2446 ea
1431 2399 1501 2445 via
1517 2415 1605 2461 qua
1623 2413 1802 2447 venerat
1815 2436 1828 2457 ‚
1857 2392 2045 2458 rediret,
2064 2402 2186 2462 quod
2203 2400 2248 2450 δι
2266 2402 2456 2450 feliciter
2474 2417 2543 2449 ac-

230 2464 240 2527 ἰ,
1007 2472 1142 2531 cidit,
1177 2476 1223 2519 in
1259 2472 1474 2520 Siberiam
1496 2473 1680 2521 reduces
1701 2465 2003 2521 Gubernatori
2022 2488 2250 2521 narrarunt
2268 2477 2400 2522 totius
2420 2478 2543 2522 itine-

170 2535 174 2545 '
233 2535 237 2548 '
1007 2547 1066 2592 ris
1100 2544 1355 2604 success'um,
1389 2545 1444 2592 de
1478 2561 1568 2606 quo
1603 2544 1742 2593 statim
1761 2544 2076 2607 Imperatorem
2094 2549 2283 2595 certiore
2303 2547 2435 2603 fecit,
2455 2561 2543 2594 tota

1007 2632 1114 2664 vero
1147 2616 1340 2665 Historia
1374 2616 1621 2665 adservatur
1655 2619 1698 2665 in
1728 2610 2003 2666 thesaurario
2016 2619 2483 2680 publico-Moscoviae‚
2501 2636 2542 2667 e-

171 2682 240 2747 3
272 2717 274 2752 J
1008 2705 1164 2751 amque
1198 2693 1389 2738 examini
1424 2689 1673 2750 subijcient,
1707 2704 1810 2739 cum
1849 2691 1967 2738 bella
1999 2691 2091 2739 haec
2126 2692 2276 2740 civilia
2310 2692 2544 2755 compofita

234 2793 239 2822 l

1066 365 1238 412 Interea
1278 378 1421 411 tamen
1463 360 1795 409 Gubernatores
1836 375 1922 406 non
1959 359 2194 407 defuerunt
2229 359 2304 407 suo
2337 361 2533 417 muneri,
2812 373 2824 418 1

1002 452 1091 484 non
1127 437 1383 485 cessantibus
1418 434 1531 481 hisce
1567 433 1694 480 bellis
1729 435 1774 479 in
1809 448 1883 480 eos
1907 434 2065 479 tractus
2082 432 2260 479 emisere
2278 432 2534 489 nonnullos,
2810 460 2824 491 t

1002 511 1149 558 multis
1183 527 1207 558 e
1245 509 1416 557 Siberia
1445 509 1616 554 civibus
1649 506 1905 566 voluntarijs
1940 506 2195 563 comitibus,
2214 507 2407 566 quicum
2427 504 2536 551 Tin·
2808 517 2819 562 1

1002 584 1169 648 goessos
1220 579 1525 636 tranfiviss‘ent,
1578 578 1758 627 fluvium
1797 578 2029 626 leneseiam
2062 577 2368 636 tranfivill'ent,
2402 578 2537 639 pedes

185 670 211 719 33
1003 657 1175 718 reliquii
1210 659 1291 703 iter
1325 654 1628 710 absolverunt,
1657 653 1827 713 plaeriq:,
1845 653 1962 700 tame
1981 653 2082 699 vitae
2099 652 2346 699 comodiori
2365 650 2537 709 ail'ueti,
2801 664 2824 710 h

100 721 112 774 :⁹
170 730 172 738 '
193 707 229 822 ‘333
1004 732 1171 776 itineris
1204 727 1401 775 molestia
1422 729 1475 772 in
1494 726 1564 773 via
1585 724 1655 787 ips
1653 726 1676 772 a
1693 725 1944 787 perierunt,
1963 725 2208 786 superstites
2226 739 2330 771 vera
2347 739 2398 771 ea
2415 723 2538 771 fuiss'e
2799 751 2824 783 ῃ

74 795 111 859 3
171 771 228 879 ’ξς
1002 801 1412 863 deprehenderunt,
1447 815 1544 861 quae
1579 800 1634 845 ab
1668 798 1765 859 alijs
1788 813 1985 856 narrata,
2016 798 2203 845 maxime
2221 813 2308 859 que
2326 798 2380 844 de
2399 797 2539 845 sonitu
2797 810 2823 856 d

63 917 66 922 .
99 863 109 890 ⁴
169 887 175 937 ξ.
193 870 229 971 ἧς
1004 874 1355 935 Campanarum,
1390 872 1436 922 &
1471 872 1651 933 strepitu
1685 871 1941 933 Equorum,
1977 868 2250 932 hominumc‘13
2284 870 2411 918 allata
2444 871 2539 918 fue·
2795 882 2824 929 1<

33 940 38 947 ’
62 938 69 975 J
170 930 229 1005 3'3
1003 961 1117 1009 rant,
1154 961 1196 994 at
1230 945 1570 994 diss'uadentibus
1600 944 1763 991 accolis
1781 958 1868 990 non
1887 943 1973 991 auli
1992 943 2114 991 fuere
2133 943 2295 991 flumen
2314 944 2538 1006 traijcere,
2792 957 2824 1002 u]

171 1060 174 1070 ,
207 1007 233 1077 3'
1003 1019 1074 1066 sed
1109 1019 1363 1080 aliquandiu
1399 1021 1443 1064 in
1477 1018 1697 1064 montibus
1731 1016 1970 1074 haeserunt,
2004 1017 2120 1063 unde
2155 1015 2201 1065 &
2229 1019 2417 1064 emicare
2446 1032 2540 1063 cre·
2789 1028 2824 1073 b.

169 1110 175 1151 ς
201 1087 229 1146 (ξ
1004 1094 1103 1139 bras
1137 1092 1341 1139 viderunt
1366 1090 1584 1147 flammas,
1617 1089 1835 1151 Sulphur‚
1863 1088 1907 1137 &
1927 1088 2119 1148 Lydium
2139 1088 2328 1150 lapidem
2348 1103 2540 1151 reporta·
2787 1115 2824 1145 m

102 1156 108 1214 3
169 1154 229 1219 .³{}⁴
1005 1180 1129 1227 runt,
1165 1179 1213 1212 ut
1248 1165 1301 1211 de
1336 1163 1501 1210 fodinis
1535 1162 1708 1223 pretios
1712 1177 1731 1208 s
1765 1175 1884 1209 certa
1916 1161 1965 1208 fit
2001 1161 2119 1208 fides·
2615 1208 2618 1212 ,
2785 1187 2824 1219 rt

100 1223 119 1293 ς’
169 1206 233 1293 ἕξ
1071 1238 1254 1284 lubebat
1294 1236 1338 1282 id
1383 1236 1592 1296 temporis
1628 1232 1910 1280 Gubernator
1948 1233 2129 1281 Siberiae
2163 1234 2338 1296 scaphas
2376 1235 2542 1297 aliquot
2783 1243 2824 1292 111

100 1300 107 1356 ’ἑ
169 1276 233 1371 3323
1005 1312 1268 1373 tegumentis
1302 1309 1549 1369 cooperiri,
1586 1308 1776 1367 primoqz,
1809 1321 1910 1352 vere
1946 1305 2001 1351 ad
2029 1305 2220 1354 fluminis
2254 1306 2345 1353 Obi
2385 1306 2541 1354 ostium

104 1413 105 1416 =
169 1376 234 1444 ⁷32*
1004 1383 1265 1439 decurrere,
1300 1380 1344 1429 &
1379 1380 1500 1426 littus
1534 1378 1699 1442 legere,
1736 1378 1879 1426 donec
1914 1378 1970 1425 ad
1995 1377 2176 1426 fluvium
2195 1378 2427 1441 Ienesejam
2446 1395 2543 1441 per·
2779 1389 2824 1436 de

170 1448 178 1489 ἶ
194 1438 230 1524 ,ξ
1005 1456 1232 1512 venirent,
1266 1469 1363 1514 quae
1398 1452 1438 1499 se
1472 1454 1603 1498 etiam
1637 1452 1902 1498 exonerabat
1926 1454 1972 1498 in
1991 1466 2136 1506 mare,
2154 1467 2249 1499 eam
2269 1453 2447 1500 adverso
2464 1452 2543 1501 ilu-
2776 1477 2824 1522 qt

172 1514 232 1589 ξςῖ
1006 1529 1123 1574 mine
1157 1529 1415 1590 navigarent
1450 1525 1616 1586 aliquot
1650 1525 1770 1583 dies,
1807 1524 1945 1573 Simul
1980 1528 2109 1572 etiam
2139 1528 2196 1573 eo
2218 1527 2417 1573 mittebat
2434 1542 2543 1573 non·
2774 1533 2824 1581 su:

168 1583 232 1663 4¹⁷2}
1006 1600 1151 1648 nullos
1184 1602 1261 1661 qui
1296 1598 1484 1661 pedestri
1525 1600 1680 1645 itinere
1715 1599 1771 1645 ad
1805 1601 1943 1660 ripam
1977 1598 2167 1646 fluminis
2202 1599 2543 1655 contenderent,
2775 1605 2824 1654 Sa

169 1667 174 1713 Q·
193 1664 231 1729 ξ
1006 1673 1185 1735 scaphas
1221 1674 1282 1719 ibi
1317 1671 1694 1734 praestolarentur,
1730 1671 1757 1717 fi
1777 1673 1837 1719 no*
1855 1671 2068 1719 incideret
2088 1675 2132 1718 in
2150 1686 2249 1731 eas,
2268 1687 2383 1719 anno
2400 1673 2543 1734 elapso
2771 1681 2802 1725 ti

171 1740 232 1803 ΗΞ
1005 1759 1341 1793 reverterentur.
1382 1744 1611 1805 Praecipue
1647 1743 1730 1790 illis
1766 1746 1842 1804 qui
1875 1760 1974 1791 oras
2008 1746 2243 1792 maritimas
2273 1745 2438 1810 legeret
2456 1749 2542 1794 ma·
2770 1750 2815 1799 Ie

174 1807 232 1876 41}
1006 1818 1156 1877 dabat,
1191 1832 1238 1866 ut
1272 1816 1439 1882 fingula'
1456 1830 1677 1874 notarent,
1696 1814 1743 1865 δι
1761 1815 2003 1864 lustrarent.
2025 1816 2283 1865 Praefestum
2301 1821 2387 1865 eti'a
2404 1834 2539 1881 quen·
2768 1839 2822 1883 m

169 1874 233 1963 Ῐξξ
998 1891 1062 1937 da
1097 1890 1182 1950 illis
1216 1890 1414 1951 adjunxit
1448 1892 1626 1937 nomine
1661 1888 1856 1952 Lucam,
1893 1892 1966 1937 cui
2001 1890 2189 1937 maxime
2208 1893 2434 1955 negotium
2452 1880 2556 1939 omss

197 1964 234 2030 ξιξ
582 1969 590 1976 ·
1007 1979 1061 2011 ne
1096 1953 1328 2021 commifit,
1363 1962 1516 2009 dimisti
1549 1964 1657 2008 mari
1691 1962 1731 2009 se
1767 1962 2098 2022 commiserunt,
2135 1978 2264 2025 atque
2292 1964 2448 2012 ostium
2467 1964 2543 2012 flu·
2766 1970 2820 2017 M

156 2048 159 2050 ·
1007 2039 1136 2083 minis
1171 2036 1373 2098 Ienesejae
1402 2036 1573 2083 subiere
1605 2035 1941 2097 incideruntque
1979 2039 2021 2082 in
2057 2037 2156 2083 illos
2179 2039 2255 2098 qui
2280 2038 2476 2098 pedestre
2496 2037 2543 2083 il·
2762 2057 2816 2090 cu

171 2128 234 2181 ςςς
783 2105 785 2107 ’
1008 2109 1084 2156 lud
1107 2111 1189 2156 iter
1223 2108 1463 2170 susceperat
1497 2110 1573 2170 qui
1609 2108 1814 2156 nonullos
1847 2124 1906 2156 ex
1935 2111 2171 2157 comitibus
2188 2109 2348 2158 secfido
2365 2110 2543 2159 flumine
2761 2117 2816 2162 τιὸ

190 2138 235 2252 {33}
1007 2181 1204 2243 scaphis,
1239 2182 1452 2242 ratibusq3
1486 2181 1539 2228 ad
1556 2181 1665 2242 ostii}
1687 2180 1887 2242 lenesejae
1904 2181 2131 2230 demiserat
2149 2183 2290 2244 reipsa
2310 2183 2372 2230 illi
2391 2199 2544 2246 exper-
2759 2203 2802 2235 re

171 2284 173 2287 -
194 2245 234 2331 {3
1008 2257 1040 2300 ti
1074 2254 1168 2301 sunt
1203 2256 1263 2301 ita
1279 2253 1319 2301 se
1332 2253 1379 2302 ΓΞ
1398 2254 1558 2301 habere
1577 2268 1625 2302 ut
1644 2254 1892 2316 conjecerat
1912 2254 2210 2302 Gubernator.
2232 2256 2403 2304 Interea
2421 2256 2545 2304 Luca
2757 2275 2814 2324 gn

168 2373 241 2466 5³..

2358 2765 2522 2814 fuerint
2533 2800 2545 2824 ‚

249 3071 251 3096 ς
271 3062 275 3086 3

271 3087 283 3142 3

242 3154 258 3191 f*
281 3172 284 3195 2
