2824 3304
0 361 69 408 tod

15 434 70 481 {ic

11 513 74 554 te-

4 595 76 628 um

0 655 78 700 aris

0 742 82 773 ’ero

0 800 84 860 1qu

23 872 86 919 af-

1 947 88 1001 nis,

0 1021 91 1080 qui-

0 1094 93 1137 iites

0 1179 94 1225 =que

0 1235 98 1283 nili-

0 1323 100 1364 itur,

0 1382 103 1429 Vias

0 1469 105 1511 rent,

16 1527 109 1591 pos-

0 1605 111 1649 niter

12 1691 39 1721 n
58 1674 112 1720 de

26 1748 116 1794 lum

2 1842 12 1855 ³
24 1835 118 1868 rum

17 1983 39 2014 e
58 1981 123 2012 re-

16 2039 126 2102 tsog-

5 2129 42 2159 »S
62 2113 128 2157 iti-

6 2200 129 2232 ieros.

12 2260 132 2305 tima—

15 2331 136 2379 uscu-

22 2405 139 2452 tanta

30 2478 140 2524 sibus

23 2567 68 2597 ιο
85 2549 142 2596 ob

49 2621 144 2670 data

11 2700 147 2757 liquot

29 2769 149 2817 annis

382 382 503 427 annis
523 379 565 423 in
585 380 707 442 pagis
726 378 973 426 Moscoviae
992 378 1231 426 addisctEdae
1249 378 1410 443 linguae
1428 380 1567 442 gratia
1579 378 1770 436 versatis,
1783 393 1912 442 agere

382 453 427 501 &
462 452 580 512 loqui
617 452 850 515 magnifice
879 453 932 499 dc
957 452 1035 499 suo
1065 451 1360 513 Imperatore,
1395 452 1480 513 que
1517 451 1695 498 infinitis
1731 451 1913 498 extolle-

381 527 483 571 bant
517 524 737 582 laudibuS,
772 538 819 572 ut
855 522 1004 572 Deum
1038 524 1280 571 terrestrem
1299 539 1398 571 eum
1418 524 1543 585 paene
1561 524 1783 581 facerent,
1802 525 1912 572 mul-

381 612 509 658 taque
543 597 686 643 obiter
720 596 1007 657 adijciebant,
1037 598 1196 658 quibus
1220 597 1458 658 cupiditate
1477 597 1653 643 videndi
1676 595 1913 643 inflamma-

379 673 536 717 bantur
563 671 701 732 magis
736 684 786 716 ac
815 671 975 733 magis,
995 670 1180 716 avebant
1199 672 1315 716 enim
1333 669 1474 717 oculis
1492 669 1644 716 videre
1663 685 1715 716 ea
1733 685 1829 731 quae
1848 671 1913 715 in-

380 743 658 799 tellexerant,
692 742 839 788 oblata
872 742 954 789 hac
989 742 1217 790 occasione
1247 742 1500 790 studuerunt
1537 742 1739 800 Moschi,
1761 757 1913 789 eorum

379 818 491 862 votis
526 814 787 874 satisfacere,
807 814 993 862 addebat
1012 814 1058 864 &
1077 815 1185 862 illud
1203 817 1244 864 se
1262 816 1429 863 obfides
1448 816 1695 874 relicturos,
1715 818 1790 877 qui
1809 816 1912 863 dum

381 893 422 936 in
458 888 723 935 Moschovia
748 888 928 934 Barbari
947 887 1106 946 essent,
1125 889 1319 952 linguam
1339 905 1491 936 eorum
1510 889 1806 937 addiscerent:
1826 889 1912 936 hoc

378 965 503 1025 pasto
536 961 772 1008 multorum
808 961 1036 1008 hominum
1072 964 1240 1008 animos
1274 965 1336 1009 cis
1373 961 1581 1009 Fluvium
1616 961 1723 1021 Obij
1744 961 1912 1009 {ibide--

378 1038 637 1091 vinxerunt,
671 1036 746 1095 qui
782 1035 824 1082 se
861 1034 977 1081 ultro
1007 1035 1179 1095 sceptro
1206 1033 1496 1082 Moschorum
1516 1035 1794 1082 subiecerunt
1812 1050 1913 1095 pro-

379 1111 597 1155 mittentes
632 1107 807 1171 lingulis
844 1110 989 1164 annis,
1027 1110 1070 1153 in
1094 1107 1261 1171 fingula
1278 1110 1447 1169 capita,
1468 1108 1552 1170 (ne
1571 1110 1717 1168 pueris
1735 1107 1913 1168 quidem

380 1197 525 1229 arcum
560 1183 739 1227 tractare
769 1181 1038 1228 discentibus
1067 1181 1293 1243 exceptis)
1314 1182 1438 1227 binas
1459 1180 1734 1227 Sabellorum
1754 1180 1911 1241 pelles,

379 1269 474 1316 quae
510 1253 606 1314 ipsis
624 1252 747 1300 nullo
766 1253 869 1300 loco
887 1268 1031 1310 erant,
1052 1253 1124 1300 sed
1143 1253 1344 1300 Moschis
1363 1256 1577 1311 maximo,
1598 1256 1685 1299 imo
1704 1252 1833 1299 instar
1850 1256 1913 1301 ci-

379 1326 518 1387 melij,
558 1341 629 1372 eas
663 1327 955 1387 promiserunt
991 1325 1032 1372 se
1068 1325 1349 1373 satiffaeturos
1385 1326 1590 1373 Tribuno
1624 1327 1798 1382 aerario,
1837 1326 1912 1372 de-

379 1413 553 1461 putato,
587 1399 707 1460 quod
729 1398 775 1447 &
793 1399 954 1446 accidit
973 1399 1074 1446 fatis
1094 1399 1293 1446 fideliter.
1333 1399 1566 1460 Trajecere
1584 1399 1637 1445 de
1655 1399 1760 1445 hinc
1779 1399 1911 1462 legati

378 1472 583 1519 Fluvium
602 1472 708 1533 Obij
723 1508 736 1529 ,
756 1473 804 1520 &
822 1472 1033 1519 ducentas
1051 1472 1144 1519 fere
1164 1472 1335 1519 Leucas
1355 1487 1470 1519 trans
1489 1471 1722 1533 Fluvium,
1751 1471 1911 1519 Ortum

377 1545 421 1594 &
457 1546 725 1606 Aquilonem
760 1547 909 1593 versus
944 1545 1102 1592 emensi
1138 1547 1259 1593 sunt:
1294 1545 1495 1592 obtulere
1530 1546 1572 1592 se
1606 1544 1752 1606 paffim
1781 1547 1912 1592 variae

377 1618 565 1665 serarum
600 1620 786 1679 species,
817 1618 1097 1679 limpidiffimi
1127 1618 1293 1675 fontes,
1323 1618 1474 1679 stirpes
1499 1617 1546 1665 &
1572 1619 1749 1665 arbores
1779 1620 1911 1664 rario-

378 1708 467 1749 reS,
503 1691 631 1752 sylvae
660 1691 944 1738 amaenissimae
959 1728 973 1749 ,
1008 1693 1139 1738 etiam
1158 1691 1359 1739 nonnulli
1381 1691 1641 1753 Samojedae,
1660 1705 1847 1753 quorum
1867 1707 1911 1738 a·

377 1764 483 1825 liqui
519 1764 705 1811 Alcibus
734 1765 1027 1821 vehebantur,
1047 1763 1181 1825 aliqui
1201 1764 1345 1811 rhedis
1363 1767 1439 1825 qui
1460 1779 1485 1810 a
1504 1763 1688 1821 Cervis,
1708 1762 1756 1811 &
1776 1763 1910 1811 Cani-

376 1838 454 1884 bus
488 1837 721 1885 velocitate
755 1853 910 1885 cervos
946 1838 1251 1898 superantibus
1285 1837 1585 1884 trahebantur:
1618 1836 1759 1883 Multi
1790 1838 1911 1883 deni-

377 1926 459 1971 que
493 1924 778 1969 occurerunt,
817 1909 908 1957 visu
942 1909 991 1958 &
1027 1910 1313 1957 admiratione
1347 1910 1501 1973 digna,
1543 1925 1638 1970 quae
1672 1908 1828 1957 ordine
1862 1909 1910 1957 &

377 1982 561 2029 fideliter
594 1996 814 2030 notarunt.
863 1982 1085 2030 Omnibus
1113 1982 1228 2030 hisce
1263 1982 1505 2041 transactis,
1551 1982 1788 2029 nonnullos
1817 1981 1910 2029 suo-

377 2071 469 2102 rum
504 2070 551 2102 ut
585 2055 779 2119 linguam
816 2055 1111 2113 addiscerent,
1140 2055 1258 2117 apud
1278 2054 1529 2116 Samojedas
1547 2055 1841 2117 reliquerunt,
1863 2054 1911 2103 &

377 2128 642 2175 voluntarios
684 2128 1013 2190 Samojedarum
1057 2127 1358 2186 assumserunt,
1399 2128 1611 2176 ducentes
1646 2130 1690 2175 in
1726 2130 1909 2189 patriam

377 2200 488 2247 suam
524 2200 856 2259 Moschoviam,
892 2201 1134 2249 feliciffime
1170 2204 1252 2248 iter
1286 2201 1585 2259 absolverunt,
1614 2200 1661 2249 8:
1696 2203 1909 2248 rationem

377 2275 427 2320 de
461 2274 635 2338 singulis
669 2274 900 2321 reddidere
930 2275 1036 2322 huic
1067 2274 1221 2321 BOR
1237 2274 1256 2321 I
1272 2274 1326 2333 S,
1361 2277 1437 2337 qui
1461 2275 1600 2321 verbo
1618 2289 1744 2321 tenus
1762 2277 1910 2320 omnia

378 2346 632 2407 Imperatori
678 2347 913 2406 recensuit,
959 2347 1338 2409 felicissimumque
1386 2347 1660 2395 successium.·
1707 2347 1910 2394 Admira-

378 2419 531 2468 bantur
563 2435 736 2478 omnes,
766 2421 975 2468 adductos
994 2421 1049 2467 ad
1069 2421 1112 2467 se
1135 2421 1410 2484 Samojedas,
1428 2419 1724 2482 jusleruntque
1743 2434 1792 2467 ut
1809 2419 1909 2466 ede-

378 2507 469 2539 rent
504 2493 773 2541 dexteritatis
803 2496 848 2541 in
872 2493 1119 2558 sagittando
1135 2494 1396 2555 specimina,
1415 2510 1512 2555 quae
1532 2496 1591 2540 ita
1607 2494 1732 2541 doete
1752 2494 1806 2539 ab
1825 2492 1909 2539 illis

377 2565 511 2624 edita,
545 2580 592 2613 ut
627 2566 756 2613 fidem
792 2566 1017 2628 superent:
1040 2567 1313 2614 nummulum
1347 2569 1465 2614 enim
1490 2566 1545 2614 ad
1562 2565 1909 2630 magnitudinem

378 2637 572 2685 nostratis
594 2639 809 2687 dimidiati
834 2639 1006 2698 stuferi,
1031 2641 1176 2687 arbori
1196 2639 1470 2704 adfigebant,
1488 2640 1513 2686 e
1532 2639 1655 2701 cujus
1673 2637 1910 2699 conspeetu

378 2710 635 2759 secedebant
669 2712 824 2777 longe,
849 2727 897 2760 ut
915 2714 990 2759 vix
1009 2713 1210 2777 dignosci
1229 2711 1363 2775 poss‘et
1376 2749 1391 2772 ,
1416 2726 1604 2760 attamen
1623 2710 1800 2776 singulis
1819 2712 1906 2830 ἰξὶί-

1859 2799 1910 2830 us
