2816 3320
13 2070 232 2159 fidentia

912 354 1395 403 DESCRIPTIO

395 477 1925 565 RegionumSiberiae‚Samojediae‚Tingoe[iae&

503 579 707 624 itinerum
742 576 766 621 ὲ
797 575 1047 633 Moscovia,
1079 575 1309 623 Orientem
1339 576 1386 624 &
1413 576 1684 637 Aquilonem
1713 592 1808 624 ver-

694 649 759 695 sus
794 649 849 695 eb
876 648 1152 706 ducentium,
1182 663 1228 695 ut
1260 650 1284 695 a
1320 649 1517 696 Moschis
1552 649 1627 696 ho-

929 721 1000 767 die
1034 720 1380 783 frequentantur.

826 865 872 912 N
909 866 1141 913 Moscovia
1159 866 1228 917 ,est
1252 868 1391 923 natio,
1415 869 1488 913 cui
1507 881 1667 914 nomen
1686 868 1924 928 Anicouvij

829 939 926 999 filij,
946 939 1102 986 rustica
1125 942 1357 1002 progenie,
1376 939 1680 1003 genealogiam
1701 934 1886 999 ducens,
1904 942 1928 987 a

828 1012 1018 1073 quodam
1046 1012 1239 1076 agricola
1267 1012 1429 1059 Anica:
1460 1011 1549 1059 Hic
1573 1015 1687 1075 agris
1706 1014 1930 1062 abundans

555 1073 575 1100 '¹
762 1118 792 1152 7,
828 1085 1103 1131 adhabitabat
1125 1084 1295 1131 flumini
1319 1083 1586 1148 VVitsogdae
1622 1084 1821 1132 influenti
1851 1085 1929 1133 flu-

688 1172 727 1189 '‘¹
783 1156 802 1219 ἶ,
825 1159 945 1205 vium
965 1157 1164 1215 Dunam,
1178 1159 1232 1204 ab
1246 1157 1452 1216 Oriente,
1466 1158 1645 1204 lambeti
1664 1160 1808 1205 veroa
1823 1157 1930 1219 Sep-

661 1238 690 1259 ”·
748 1220 766 1244 ⁷
827 1233 1045 1277 tentrione
1088 1230 1315 1290 Osoylam,
1351 1230 1399 1278 &
1432 1229 1660 1295 Vstingam
1697 1231 1931 1278 centefimo

398 1303 495 1350 inde
537 1302 698 1349 miliari
731 1317 870 1363 prope
905 1301 1075 1349 Fanum
1112 1302 1349 1350 Michaelis
1385 1303 1655 1367 Archangeli
1688 1319 1832 1351 arcem
1874 1304 1930 1351 fic

398 1377 506 1424 dista
543 1379 588 1422 in
624 1390 740 1422 mare
776 1375 922 1422 album
957 1376 996 1423 se
1016 1378 1285 1422 exoneranti.
1312 1374 1400 1423 Hic
1419 1376 1564 1423 Anica
1581 1376 1801 1437 locuples,
1819 1376 1930 1423 mul—

396 1464 439 1496 ta
470 1449 596 1510 prole
630 1449 781 1495 beatus
815 1449 1099 1510 omnibusque
1134 1450 1321 1496 fortunae
1350 1449 1477 1495 donis
1506 1448 1682 1505 fruens,
1713 1451 1802 1495 acri
1827 1463 1931 1509 qua-

397 1522 493 1569 dam
522 1521 706 1568 libidine
736 1535 887 1582 captus
922 1521 1118 1569 studebat
1142 1521 1366 1568 resciscere
1384 1536 1491 1582 quas
1510 1535 1643 1568 terras
1663 1521 1711 1569 &
1729 1523 1932 1584 regiones

398 1594 639 1641 incolerent
674 1594 761 1651 illi,
794 1596 870 1654 qui
904 1597 1106 1654 quotanis
1136 1594 1189 1640 ad
1206 1607 1445 1640 mercatum
1464 1595 1671 1640 veniebat
1691 1596 1734 1640 in
1754 1593 1933 1641 Mosco-

398 1670 529 1725 viam,
565 1666 760 1729 pretiosis
779 1666 989 1727 pellibus,
1008 1666 1184 1727 alijsque
1202 1668 1421 1713 mercibus
1440 1666 1589 1729 lingua
1601 1702 1615 1724 ,
1634 1666 1790 1713 vestitu
1803 1702 1816 1724 ,
1842 1665 1933 1712 Re-

399 1740 591 1804 ligione,
626 1740 820 1786 moribus
853 1739 981 1800 plane
1016 1738 1245 1785 dissimiles.
1284 1738 1534 1800 Samojedas
1567 1739 1606 1786 se
1635 1740 1833 1787 dicentes
1858 1754 1932 1785 va-

400 1813 555 1874 rijsque
607 1813 857 1859 nominibus
907 1812 1234 1873 compellantes.
1293 1811 1567 1859 Ferebantur
1618 1813 1684 1859 hae
1735 1814 1933 1859 nationes

401 1888 631 1946 quotannis
666 1884 843 1950 flumine
889 1884 1077 1932 secundo
1117 1884 1322 1945 Osoylam
1359 1885 1406 1933 &
1439 1884 1667 1948 Vstingam
1702 1885 1846 1932 versus
1881 1884 1936 1931 ad

401 1957 580 2006 fluvium
611 1956 809 2015 Dunam,
844 1973 1010 2005 merces
1044 1960 1186 2005 omnis
1215 1960 1388 2020 generis
1422 1973 1523 2005 cum
1558 1957 1700 2004 Russis
1736 1958 1783 2005 &
1813 1956 1935 2004 Mos-

402 2032 491 2078 chis
525 2045 841 2093 permutantes,
875 2033 1061 2077 maxime
1097 2030 1233 2091 pelles
1269 2046 1374 2091 quas
1400 2030 1691 2090 Babylonicas
1727 2031 1934 2086 dicimUS,

403 2104 454 2150 ad
480 2106 679 2166 emporia
710 2103 972 2150 deferentes..

464 2176 551 2225 Hic
588 2176 779 2224 ANIC
793 2176 857 2234 A,
891 2176 1077 2237 cupidus
1095 2176 1222 2233 scire,
1242 2176 1357 2223 unde
1376 2177 1420 2222 hi
1439 2179 1639 2223 venirent
1659 2177 1707 2224 &
1724 2192 1821 2237 quae
1840 2176 1938 2223 loca

404 2250 646 2297 incolerent
685 2249 777 2311 spes
820 2251 937 2296 enim
983 2251 1269 2295 maximarum
1305 2248 1555 2296 divitiarum
1591 2247 1848 2312 affulgebat,
1883 2263 1938 2295 ex

406 2322 489 2369 istis
535 2322 725 2384 pellibus
770 2338 876 2383 quas
921 2324 1155 2383 quotannis
1201 2323 1492 2383 importabant
1538 2321 1785 2368 clanculum
1838 2335 1938 2367 cum

405 2395 627 2443 nonnullis
661 2397 895 2443 amicitiam
929 2397 1168 2452 contraxit,
1204 2397 1293 2442 imo
1322 2395 1475 2442 decem
1505 2409 1577 2442 aut
1603 2394 1838 2443 duodecim
1857 2393 1938 2440 ser-

405 2468 527 2515 vulos
574 2470 802 2516 comitatui
846 2483 998 2516 eorum
1034 2471 1077 2514 in
1112 2470 1295 2529 patriam
1330 2468 1547 2529 adjunxit,
1581 2468 1667 2515 hoc
1703 2468 1799 2529 ipsis
1833 2464 1939 2512 dans

407 2542 594 2605 negotij,
629 2555 677 2588 ut
710 2543 911 2605 regiones
946 2556 1052 2602 quas
1086 2540 1310 2588 tranfirent
1328 2540 1498 2588 curiose
1517 2541 1785 2602 exploraret,
1804 2541 1939 2586 maxi-

407 2628 473 2660 me
508 2614 563 2662 de
598 2629 750 2661 eorum
774 2615 988 2672 moribus,
1013 2613 1291 2671 habitaculis,
1316 2616 1483 2661 ratione
1509 2616 1631 2672 vitae,
1648 2613 1838 2678 gestibus
1858 2612 1940 2659 stu-

408 2685 521 2734 diose
554 2689 851 2748 inquirerent,
885 2700 933 2733 ut
967 2686 1198 2733 redeuntes
1226 2686 1430 2743 domum,
1461 2687 1516 2734 de
1535 2687 1710 2751 lingulis
1728 2688 1940 2733 rationem

1180 2758 1220 2806 C
1242 2774 1267 2806 2
1750 2760 1942 2806 exaCtam
