2816 3320
0 371 108 419 edus

0 442 109 491 'uede-

0 534 5 562 ·.
23 530 111 563 non

0 606 40 637 as
89 604 113 637 e

15 676 116 724 pro-

0 735 119 785 [eseia

0 819 25 857 n
43 808 120 856 ali-

0 883 94 930 'dam
108 919 121 939 ,

0 955 123 1003 miles

0 1043 125 1086 vrum,

4 1101 125 1161 fluvij

0 1191 37 1222 m
55 1190 128 1221 ve-

0 1249 129 1312 ngoe-

0 1337 40 1371 =a
58 1335 130 1368 co-

0 1395 130 1456 ficari,

0 1469 133 1515 'ecum

0 1558 6 1588 ι
25 1541 135 1589 inso-

0 1634 26 1672 ι,
50 1628 136 1661 tam

20 1689 137 1747 enim

5 1777 24 1808 s
42 1775 138 1822 par-

32 1908 141 1955 ioni-

16 2002 27 2020 ·
41 1983 142 2027 itate

10 2074 24 2114 ¹.
32 2069 57 2101 e
78 2055 144 2100 iti-

12 2127 39 2173 l
58 2141 145 2173 ma·

18 2201 146 2256 elios,

23 2311 34 2336 ‚
55 2276 147 2343 sep-

18 2351 31 2392 1
74 2346 148 2393 Sa-

46 2435 62 2468 t
97 2419 150 2467 ad

33 2568 152 2614 ibant

45 2638 152 2699 mira

26 2733 28 2739 ·
38 2713 153 2775 ner1s

28 2809 30 2819 >
45 2786 130 2833 eris
141 2819 155 2842 ,

371 371 476 418 feris
487 405 502 429 ,
518 386 602 418 nec
619 372 801 432 piscium
819 373 844 420 ὲ
861 373 1006 435 fluvijs
1023 375 1170 436 paffim
1188 378 1338 425 deerat
1356 382 1507 440 eopia,
1525 381 1772 428 tandem‘ad
1793 379 1905 429 Pess-

371 445 469 491 dam
493 443 654 492 flumen
679 461 965 507 perventum,
988 449 1042 495 ad
1070 450 1190 511 cujas
1214 453 1353 512 ripam
1379 454 1567 500 tentoria
1583 451 1906 512 fixere,donec

372 517 493 564 fieret
525 520 801 582 navigabile,
825 523 1030 581 proximo
1048 521 1190 585 Vere,
1206 541 1208 543 ·
1223 525 1344 585 quod
1363 525 1564 584 instabat,
1579 541 1685 574 cum
1702 541 1809 575 vero
1824 527 1906 575 sol-

370 604 544 638 veretur
577 592 776 653 trajicere
812 593 921 640 illud
940 609 1027 640 non
1044 596 1131 642 aufi
1151 595 1304 655 fuere,¹
1314 597 1456 645 sonitu
1474 596 1580 656 iste,
1598 599 1654 646 de
1673 615 1762 661 quo
1780 613 1906 647 antea

369 664 667 722 inaudierant,
700 665 798 712 satis
831 666 950 714 clare
979 681 1215 731 percepto,
1233 683 1369 731 quem
1387 685 1511 719 certo
1524 671 1905 733 judicabant,effe

368 751 695 801 campanarum,
732 738 863 786 flante
896 754 1005 787 vero
1038 742 1093 787 ab
1111 741 1320 789 ulteroire
1340 740 1500 791 Pefidae
1524 744 1618 806 rlpa
1634 758 1787 804 vento,
1805 760 1905 807 per-

367 812 590 872 cipiebant
639 811 864 873 strepitum
915 828 1128 874 equorum
1179 812 1224 863 &
1274 816 1524 874 hominum,
1575 830 1904 880 nonnumquam

319 941 323 953 ‚
369 883 465 931 v'ela
510 884 607 944 ipsis
652 884 764 943 visa,
798 898 841 931 at
873 899 1120 946 perpauca,
1155 901 1252 947 quae
1286 887 1479 935 secundo
1514 888 1693 937 flumine
1727 894 1904 955 naviga-

369 960 492 1014 bant,
533 971 574 1003 at
618 958 849 1018 quadrata,
893 958 1040 1019 qualia
1078 959 1210 1005 hodie
1252 960 1487 1008 Indorum:
1532 975 1574 1008 at
1613 977 1670 1009 eo
1705 962 1792 1010 loci
1826 964 1904 1010 ubi

368 1034 554 1092 primum
588 1030 870 1078 constiterant
903 1030 1049 1077 nullos
1082 1031 1282 1079 homines
1316 1033 1727 1094 deprehenderunt,
1771 1039 1905 1083 etiam

368 1118 531 1151 moram
581 1103 801 1155 trahentes
849 1103 901 1150 ea
950 1106 994 1149 in
1038 1106 1252 1167 regione,
1314 1119 1521 1153 notarunt
1571 1106 1734 1155 flumen
1785 1107 1905 1156 Vere

368 1192 485 1223 novo
519 1178 695 1240 augeri,
730 1175 975 1237 periculum
1011 1182 1126 1223 tame
1159 1192 1213 1223 ex
1238 1191 1292 1225 eo
1309 1177 1498 1241 nullum,
1520 1194 1621 1226 cum
1639 1182 1736 1241 ripa
1753 1183 1905 1227 utrim-

368 1265 452 1311 que
504 1249 549 1296 fit
598 1248 790 1310 praealta.
858 1248 950 1296 Sub
1002 1249 1275 1297 Autumnum
1325 1263 1621 1314 revertentes,
1675 1264 1905 1300 narrarunt

368 1336 636 1384 quantopere
678 1305 878 1369 delcetati
917 1322 1081 1369 fuerint
1119 1322 1206 1369 loci
1241 1326 1504 1372 amoenitate.
1577 1290 1806 1372 N⁷Ienssbus
1840 1326 1904 1372 A·

368 1395 468 1457 prili
502 1395 547 1444 &
581 1394 711 1456 Majo
745 1395 994 1456 praecipue,
1029 1408 1191 1455 quanta
1225 1395 1319 1442 istic
1354 1393 1575 1457 stirpium,
1594 1400 1806 1444 rariorum
1824 1393 1903 1444 flo-

369 1483 489 1526 rum,
517 1469 755 1529 fruetuum,
794 1468 1020 1524 arborum,
1055 1470 1222 1525 avium,
1255 1468 1469 1526 ferarum,
1504 1481 1800 1517 armentorum
1828 1485 1904 1518 co-

369 1545 460 1603 pia,
494 1555 536 1589 at
570 1541 748 1589 Moschi
782 1540 1062 1587 suavitatibus
1096 1539 1211 1586 hisce
1235 1554 1324 1593 non
1360 1544 1615 1602 capiuntur,
1639 1542 1703 1589 nil
1732 1543 1807 1589 nifi
1837 1541 1903 1590 lu—

369 1619 494 1662 crum'
521 1615 611 1662 vile
644 1614 930 1672 meditantes,
965 1615 1010 1659 in
1045 1615 1214 1660 caeteris
1248 1613 1380 1676 plane
1409 1613 1523 1661 saxei
1553 1613 1659 1662 sunt.
1698 1614 1771 1662 De
1788 1618 1903 1663 veri—

368 1702 453 1735 tate
487 1703 594 1735 vero
627 1702 715 1734 non
749 1686 1039 1734 dubitandum
1073 1700 1175 1732 cum
1212 1688 1456 1733 iuramento
1487 1689 1637 1733 omnia
1654 1686 1711 1753 7&
1738 1687 1903 1752 singula

369 1760 679 1808 confirmarint.
1336 1756 1337 1759 ’
1675 1753 1689 1783 l

432 1832 542 1881 Haec
574 1834 692 1880 fama
725 1846 827 1880 cum
861 1834 906 1878 in
940 1831 1057 1891 Aula
1082 1828 1370 1879 Moschorum
1387 1830 1724 1892 percrebuisset,
1744 1831 1903 1879 Borius

372 1907 628 1969 Imperator,
681 1905 928 1966 reliquique
974 1907 1098 1968 regni
1146 1903 1358 1951 Proceres
1403 1904 1727 1951 admirabantur
1770 1918 1901 1965 quam

370 1979 575 2038 maxime,
622 1981 711 2025 imo
759 1977 859 2024 illos
904 1976 1054 2023 invafit
1099 1976 1264 2037 cupido
1308 1975 1476 2038 lingula
1518 1975 1754 2039 diligenter
1802 1991 1902 2037 per-

371 2053 605 2110 scrutandi,
656 2051 851 2113 Ideoque
895 2050 1097 2101 statutum
1144 2063 1262 2107 erat,
1308 2062 1527 2095 annuente
1574 2048 1665 2109 ipso
1711 2047 1884 2110 Impera

371 2140 463 2173 tore
502 2126 558 2173 eo
595 2127 769 2172 mittere
811 2122 1026 2187 LegatOS,
1060 2122 1314 2169 muneribus
1349 2120 1507 2185 Regijs
1543 2120 1793 2179 instructos,
1827 2135 1903 2169 co-

372 2200 546 2246 mitibus
580 2198 796 2255 Tartaris,
823 2195 1090 2257 SamojediS,
1119 2194 1166 2243 &
1198 2192 1467 2258 TingoessjS,
1501 2208 1549 2241 ut
1566 2194 1706 2255 ripam
1724 2193 1903 2242 ulterio-

372 2288 460 2319 rem
488 2272 678 2320 fluminis
714 2269 892 2317 Peifidae
925 2268 1174 2324 lustrarent,
1199 2267 1374 2329 ejusque
1407 2266 1531 2314 suum
1566 2280 1793 2325 notarent,
1822 2268 1903 2314 eti-

372 2361 436 2392 am
471 2348 708 2394 amicitiam
742 2359 843 2392 cum
878 2342 1102 2407 RegibuS,
1137 2340 1397 2403 populisque
1421 2339 1750 2397 contraherent,
1772 2338 1801 2385 fi
1825 2341 1902 2400 qui

371 2418 526 2478 essent,
561 2433 634 2467 aut
662 2431 884 2482 regerent,
918 2415 1084 2480 singula
1100 2414 1399 2470 observarent,
1417 2412 1574 2460 reversi
1591 2410 1787 2459 distinere
1805 2426 1902 2459 nar-

372 2506 531 2555 rarent,
565 2491 753 2539 maxime
786 2505 886 2551 quae
918 2502 1045 2536 antea
1077 2488 1131 2534 de
1162 2485 1487 2548 Campanarum
1505 2485 1646 2532 sonitu
1664 2484 1812 2542 allata,
1830 2484 1902 2531 sed

372 2579 602 2612 caruerunt
634 2564 729 2612 haec
761 2564 910 2610 omnia
942 2574 1125 2618 eventu,
1143 2561 1204 2606 ob
1221 2558 1336 2606 bella
1353 2558 1503 2606 civilia
1519 2556 1772 2618 nuperrime
1789 2559 1903 2603 inter

373 2637 581 2685 Moschos
613 2650 791 2694 exorta,
826 2649 875 2683 ut
907 2648 962 2682 ex
996 2647 1148 2681 eorum
1166 2630 1533 2693 descriptionibus
1549 2629 1681 2677 fufius
1699 2628 1902 2749 liquebit,

373 2725 476 2771 quas
510 2711 632 2758 brevi
668 2708 771 2757 Deo
803 2707 982 2756 volente
1014 2706 1214 2767 publicas
1248 2705 1469 2752 faciemus.
1732 2773 1751 2821 Ι

1126 2795 1136 2800 ‘
1321 2776 1362 2824 E
1383 2791 1409 2823 α
1754 2788 1905 2821 nterea
